股票名字,代码,当前价格,昨日收盘价,今日开盘价,成交的股票数,外盘,内盘,买一报价,买一数量,买二报价,买二数量,买三报价,买三数量,买四报价,买四数量,买五报价,买五数量,卖一报价,卖一数量,卖二报价,卖二数量,卖三报价,卖三数量,卖四报价,卖四数量,卖五报价,卖五数量,最近逐笔成交,时间,涨跌,涨跌%,今日最高价,今日最低价,价格/成交量(手)/成交额,成交量(手),成交金额,换手率(%),市盈率,最高,最低,振幅(%),流通市值(亿),总市值(亿),市净率,涨停价,跌停价,量比,委差,平均成本,PE(动)
浦发银行,600000,11.55,11.59,11.63,275002,123519,151463,11.54,138,11.53,755,11.52,2030,11.51,2810,11.50,4209,11.55,3223,11.56,2295,11.57,2356,11.58,3238,11.59,3216,15:00:04/11.55/6123/S/7072065/63647|14:56:58/11.53/1/S/1153/62753|14:56:49/11.53/40/S/46123/62709|14:56:46/11.54/1/B/1154/62700|14:56:43/11.53/84/S/96852/62689|14:56:40/11.53/144/S/166032/62678,20190319153001,-0.04,-0.35,11.67,11.51,11.53/268879/311449410,275002,31852,0.10,6.10,11.67,11.51,1.38,3245.98,3390.17,0.80,12.75,10.43,0.67,-4386,11.58,5.88,6.25
白云机场,600004,13.99,14.15,14.16,167163,82325,84800,13.99,230,13.98,1318,13.97,927,13.96,542,13.95,891,14.00,728,14.01,107,14.02,98,14.03,78,14.04,10,15:00:01/13.99/504/S/704886/63638|14:56:55/14.00/5/B/6999/62738|14:56:52/13.98/26/S/36351/62726|14:56:49/13.99/13/B/18187/62709|14:56:43/13.98/69/S/96465/62689|14:56:40/14.00/10/B/14000/62678,20190319153001,-0.16,-1.13,14.37,13.94,13.99/167163/234994739,167163,23499,0.81,21.64,14.37,13.94,3.04,289.50,289.50,1.84,15.57,12.74,0.93,2887,14.06,23.64,18.14
东风汽车,600006,4.45,4.49,4.47,151897,70628,81268,4.45,1798,4.44,1680,4.43,2772,4.42,1108,4.41,1203,4.46,415,4.47,1845,4.48,2023,4.49,2866,4.50,1899,15:00:02/4.45/669/S/297705/63641|14:57:02/4.45/100/S/44500/62770|14:56:58/4.45/121/S/53965/62753|14:56:55/4.46/166/B/74036/62738|14:56:37/4.45/31/S/13796/62667|14:56:31/4.45/50/S/22250/62637,20190319153001,-0.04,-0.89,4.49,4.43,4.45/151897/67746363,151897,6775,0.76,17.83,4.49,4.43,1.34,89.00,89.00,1.27,4.94,4.04,0.84,-487,4.46,16.13,44.34
中国国贸,600007,14.33,14.50,14.43,38110,9282,28816,14.33,105,14.32,1,14.30,48,14.28,154,14.27,171,14.34,264,14.37,34,14.39,70,14.40,49,14.41,14,15:00:02/14.33/85/S/121805/63641|14:56:52/14.34/10/B/14339/62726|14:56:49/14.33/1/S/1433/62709|14:56:46/14.34/10/B/14340/62700|14:56:43/14.34/5/B/7166/62689|14:56:37/14.34/2/B/2279/62667,20190319153001,-0.17,-1.17,14.61,14.23,14.33/38110/54761403,38110,5476,0.38,19.31,14.61,14.23,2.62,144.34,144.34,2.14,15.95,13.05,1.56,48,14.37,18.35,22.74
首创股份,600008,4.16,4.15,4.14,368166,179531,188632,4.16,4364,4.15,5649,4.14,3250,4.13,4102,4.12,4553,4.17,8527,4.18,10231,4.19,7792,4.20,12898,4.21,6329,15:00:14/4.16/2997/S/1246752/63667|14:57:01/4.17/9/B/3753/62766|14:56:58/4.17/8/B/3336/62753|14:56:55/4.17/127/B/52954/62738|14:56:49/4.16/4/S/1664/62709|14:56:46/4.16/8/S/3328/62700,20190319153001,0.01,0.24,4.21,4.13,4.17/365169/151973786,368166,15322,0.76,38.27,4.21,4.13,1.93,200.54,236.51,2.14,4.57,3.74,0.52,-23859,4.16,41.33,38.65
上海机场,600009,58.90,58.51,58.71,64855,25917,38859,58.90,30,58.89,1,58.88,343,58.85,15,58.79,26,58.91,1,58.93,26,58.94,100,58.95,42,58.97,18,15:00:01/58.90/652/S/3840280/63638|14:56:58/58.88/1/B/5888/62753|14:56:55/58.71/35/S/205558/62738|14:56:52/58.90/4/B/23558/62726|14:56:49/58.89/1/S/5889/62709|14:56:43/58.94/5/S/29450/62689,20190319153001,0.39,0.67,59.69,58.50,58.90/64855/382828455,64855,38283,0.59,26.81,59.69,58.50,2.03,644.06,1134.98,4.18,64.36,52.66,0.81,228,59.03,26.81,26.81
包钢股份,600010,1.92,1.95,1.94,3434472,1534123,1900349,1.92,51107,1.91,290482,1.90,226269,1.89,41985,1.88,60710,1.93,226161,1.94,170480,1.95,172855,1.96,119991,1.97,95169,15:00:02/1.92/38943/S/7477056/63641|14:57:02/1.92/957/S/183776/62770|14:56:58/1.93/104/B/20067/62753|14:56:55/1.93/209/B/40151/62738|14:56:52/1.92/60/S/11546/62726|14:56:49/1.92/823/S/158021/62709,20190319153001,-0.03,-1.54,1.95,1.91,1.92/3434472/661614330,3434472,66161,1.08,29.58,1.95,1.91,2.05,608.20,875.23,1.69,2.15,1.76,0.61,-114103,1.93,28.49,42.46
华能国际,600011,6.78,6.74,6.75,303825,141157,162664,6.77,4234,6.76,7375,6.75,1736,6.74,848,6.73,2362,6.78,44,6.79,1737,6.80,2514,6.81,1465,6.82,1699,15:00:04/6.78/8297/S/5625366/63647|14:57:00/6.79/7/B/4747/62763|14:56:57/6.79/181/B/122899/62749|14:56:53/6.79/33/B/22407/62734|14:56:50/6.79/1/B/679/62720|14:56:48/6.79/10/B/6790/62706,20190319153001,0.04,0.59,6.84,6.74,6.79/295528/200608958,303825,20623,0.29,109.98,6.84,6.74,1.48,711.90,1064.33,1.44,7.41,6.07,0.83,9096,6.79,40.13,59.36
皖通高速,600012,6.93,6.97,6.99,79189,32275,46907,6.93,233,6.92,630,6.91,387,6.90,415,6.89,339,6.94,398,6.95,158,6.96,130,6.97,321,6.98,253,15:00:04/6.93/1247/S/864171/63647|14:56:58/6.93/16/B/11088/62753|14:56:55/6.93/92/S/63756/62738|14:56:49/6.93/10/S/6930/62709|14:56:37/6.93/20/S/13860/62667|14:56:34/6.93/7/S/4851/62651,20190319153001,-0.04,-0.57,7.13,6.88,6.93/79189/55265535,79189,5527,0.68,10.29,7.13,6.88,3.59,80.78,114.94,1.17,7.67,6.27,0.71,744,6.98,10.12,10.53
华夏银行,600015,8.35,8.38,8.38,413293,169024,244266,8.34,1874,8.33,728,8.32,2739,8.31,2756,8.30,6332,8.35,2937,8.36,6314,8.37,5144,8.38,3189,8.39,1492,15:00:14/8.35/3301/S/2756335/63667|14:56:52/8.34/20/B/16680/62726|14:56:46/8.34/727/B/606318/62700|14:56:43/8.34/19/B/15846/62689|14:56:40/8.33/57/S/47488/62678|14:56:37/8.33/63/S/52492/62667,20190319153001,-0.03,-0.36,8.39,8.31,8.34/409992/342360587,413293,34512,0.32,6.39,8.39,8.31,0.95,1070.69,1284.83,0.68,9.22,7.54,0.81,-4647,8.35,6.64,6.48
民生银行,600016,6.50,6.54,6.54,1024903,471116,553785,6.49,2249,6.48,19365,6.47,15697,6.46,11592,6.45,18030,6.50,10507,6.51,13221,6.52,10429,6.53,13709,6.54,16224,15:00:04/6.50/7213/S/4688450/63647|14:56:59/6.48/2617/S/1697655/62760|14:56:56/6.50/1/B/650/62744|14:56:50/6.50/338/B/219487/62715|14:56:47/6.49/151/S/98000/62703|14:56:44/6.50/15/B/9750/62694,20190319153001,-0.04,-0.61,6.56,6.48,6.50/1024903/667046132,1024903,66705,0.28,5.45,6.56,6.48,1.22,2395.17,2845.86,0.71,7.19,5.89,0.79,2843,6.51,5.00,5.71
日照港,600017,3.44,3.38,3.40,436891,292694,144194,3.43,1856,3.42,5008,3.41,2075,3.40,4425,3.39,3075,3.44,7370,3.45,10932,3.46,16061,3.47,9863,3.48,10251,15:00:04/3.44/4715/S/1621960/63647|14:57:00/3.44/8/B/2752/62763|14:56:57/3.44/49/B/16856/62749|14:56:53/3.44/4/B/1376/62734|14:56:50/3.43/79/S/27171/62720|14:56:48/3.43/238/S/81861/62706,20190319153001,0.06,1.78,3.46,3.38,3.44/436891/149457422,436891,14946,1.42,18.52,3.46,3.38,2.37,105.80,105.80,0.95,3.72,3.04,1.39,-38038,3.42,14.73,28.68
上港集团,600018,7.24,7.25,7.18,321689,148812,172858,7.24,351,7.23,1236,7.22,2622,7.21,1387,7.20,4329,7.25,2937,7.26,2596,7.27,2245,7.28,2283,7.29,1648,15:00:04/7.24/2254/S/1631244/63647|14:57:04/7.23/77/B/55671/62779|14:57:00/7.23/249/S/180020/62763|14:56:57/7.24/30/B/21700/62749|14:56:53/7.24/207/B/149868/62734|14:56:50/7.23/76/S/54948/62720,20190319153001,-0.01,-0.14,7.33,7.18,7.23/319435/231501890,321689,23313,0.14,16.32,7.33,7.18,2.07,1677.77,1677.77,2.40,7.98,6.53,0.35,-1784,7.25,16.32,16.32
宝钢股份,600019,7.51,7.57,7.53,672942,342302,330627,7.50,2226,7.49,3279,7.48,6323,7.47,6405,7.46,3746,7.51,3255,7.52,4092,7.53,7772,7.54,3571,7.55,5098,15:00:04/7.51/19600/S/14719600/63647|14:57:00/7.51/5/B/3755/62763|14:56:57/7.51/6/B/4506/62749|14:56:53/7.51/344/B/258032/62734|14:56:50/7.51/241/B/180991/62720|14:56:48/7.51/67/B/50317/62706,20190319153001,-0.06,-0.79,7.58,7.47,7.51/653342/490905558,672942,50563,0.30,7.20,7.58,7.47,1.45,1659.79,1672.94,0.98,8.33,6.81,0.90,-1809,7.51,7.97,8.73
中原高速,600020,6.21,6.19,6.03,1037056,502355,534667,6.20,6705,6.19,2221,6.18,1866,6.17,974,6.16,315,6.21,3426,6.22,4119,6.23,3418,6.24,4500,6.25,6846,15:00:04/6.21/22191/S/13780611/63647|14:57:00/6.20/492/B/305025/62763|14:56:57/6.20/514/B/318670/62749|14:56:53/6.19/110/S/68146/62734|14:56:50/6.20/132/B/81827/62720|14:56:48/6.19/608/S/376882/62706,20190319153001,0.02,0.32,6.26,5.95,6.20/1014865/621753054,1037056,63553,4.61,13.10,6.26,5.95,5.01,139.56,139.56,1.40,6.81,5.57,0.62,-10228,6.13,10.69,11.90
上海电力,600021,9.16,9.06,9.13,124521,54877,69630,9.15,614,9.14,389,9.13,485,9.12,791,9.11,378,9.16,1196,9.17,837,9.18,511,9.19,553,9.20,1728,15:00:04/9.16/746/S/683336/63647|14:56:57/9.15/12/S/10981/62749|14:56:53/9.15/94/S/86010/62734|14:56:50/9.16/6/B/5496/62720|14:56:48/9.15/47/S/43005/62706|14:56:45/9.16/10/B/9160/62698,20190319153001,0.10,1.10,9.40,9.12,9.16/124521/114909138,124521,11491,0.58,22.01,9.40,9.12,3.09,196.00,239.73,1.74,9.97,8.15,0.69,-2168,9.23,25.19,25.83
山东钢铁,600022,1.99,2.02,2.02,1391665,539006,852659,1.99,45049,1.98,107325,1.97,87849,1.96,28230,1.95,45469,2.00,76324,2.01,90695,2.02,93184,2.03,77364,2.04,40927,15:00:04/1.99/8280/S/1647720/63647|14:57:03/2.00/4/B/800/62774|14:56:59/1.99/305/S/60996/62760|14:56:56/2.00/260/B/52000/62744|14:56:53/2.00/52/B/10400/62730|14:56:50/2.00/60/B/11990/62715,20190319153001,-0.03,-1.49,2.03,1.98,1.99/1391665/278318158,1391665,27832,1.27,6.66,2.03,1.98,2.48,217.84,217.84,1.06,2.22,1.82,0.72,-64572,2.00,6.76,11.32
浙能电力,600023,4.95,4.91,4.95,454483,224302,230180,4.95,1668,4.94,5867,4.93,2185,4.92,1243,4.91,2860,4.96,4271,4.97,1488,4.98,1852,4.99,1738,5.00,9096,15:00:04/4.95/5126/S/2537251/63647|14:57:03/4.95/27/B/13365/62774|14:56:56/4.95/227/B/112365/62744|14:56:53/4.95/70/B/34650/62730|14:56:50/4.95/60/B/29700/62715|14:56:47/4.95/83/B/41084/62703,20190319153001,0.04,0.81,5.06,4.91,4.95/454483/226157187,454483,22616,0.33,15.48,5.06,4.91,3.05,673.23,673.23,1.09,5.40,4.42,1.39,-4622,4.98,13.45,15.53
华能水电,600025,3.75,3.71,3.72,491233,233904,257328,3.74,5936,3.73,9920,3.72,10155,3.71,3032,3.70,4531,3.75,12373,3.76,23500,3.77,4193,3.78,3363,3.79,1277,15:00:04/3.75/3630/S/1361250/63647|14:57:01/3.75/18/B/6750/62766|14:56:58/3.75/139/B/52096/62753|14:56:55/3.75/75/B/28125/62738|14:56:52/3.75/619/B/232053/62726|14:56:49/3.75/313/B/117375/62709,20190319153001,0.04,1.08,3.84,3.72,3.75/491233/185161869,491233,18516,0.55,23.94,3.84,3.72,3.23,334.80,675.00,1.66,4.08,3.34,1.01,-11132,3.77,22.55,30.84
中远海能,600026,6.16,6.23,6.28,163788,77223,86553,6.16,486,6.15,1409,6.14,134,6.13,356,6.12,286,6.17,10,6.18,100,6.19,190,6.20,538,6.21,35,15:00:04/6.16/2607/S/1605912/63647|14:57:00/6.22/16/B/9952/62763|14:56:57/6.21/52/B/32292/62749|14:56:53/6.22/4/B/2488/62734|14:56:50/6.20/300/S/186199/62720|14:56:48/6.22/13/B/8086/62706,20190319153001,-0.07,-1.12,6.32,6.16,6.22/161181/100441511,163788,10205,0.60,99.19,6.32,6.16,2.57,168.54,248.37,0.89,6.85,5.61,0.55,1798,6.23,-69.43,14.06
华电国际,600027,4.48,4.51,4.49,545920,282785,263133,4.48,5731,4.47,5012,4.46,8563,4.45,11057,4.44,4131,4.49,2140,4.50,8139,4.51,16418,4.52,9862,4.53,5044,15:00:04/4.48/3021/S/1353408/63647|14:57:04/4.49/70/B/31430/62779|14:57:00/4.48/7/S/3136/62763|14:56:57/4.49/49/B/22001/62749|14:56:53/4.48/157/S/70486/62734|14:56:50/4.49/194/B/87106/62720,20190319153001,-0.03,-0.67,4.52,4.45,4.49/542899/243509576,545920,24486,0.78,20.15,4.52,4.45,1.55,313.41,441.86,1.02,4.96,4.06,0.84,-7109,4.49,21.72,102.73
中国石化,600028,6.05,6.06,6.08,1248028,627194,620830,6.04,4694,6.03,8561,6.02,21164,6.01,14975,6.00,18517,6.05,5697,6.06,31318,6.07,32537,6.08,22900,6.09,21980,15:00:02/6.05/12028/S/7276940/63641|14:57:02/6.04/13/B/7852/62770|14:56:58/6.04/100/B/60400/62753|14:56:55/6.04/66/B/39864/62738|14:56:52/6.04/198/S/119779/62726|14:56:49/6.04/57/B/34241/62709,20190319153001,-0.01,-0.17,6.10,6.02,6.05/1248028/755700275,1248028,75570,0.13,10.07,6.10,6.02,1.32,5781.25,7324.81,1.01,6.67,5.45,0.91,-46521,6.06,9.16,14.33
南方航空,600029,8.35,8.30,8.46,1175996,526803,649179,8.34,2119,8.33,4487,8.32,1752,8.31,2114,8.30,4674,8.35,3282,8.36,986,8.37,1404,8.38,2865,8.39,2520,15:00:04/8.35/11414/S/9530690/63647|14:57:01/8.35/10/B/8350/62766|14:56:58/8.34/62/S/51720/62753|14:56:51/8.35/33/B/27549/62723|14:56:49/8.34/6/S/5185/62709|14:56:46/8.34/116/S/96760/62700,20190319153001,0.05,0.60,8.52,8.28,8.35/1164582/978995229,1175996,98853,1.67,33.71,8.52,8.28,2.89,586.39,1024.31,1.55,9.13,7.47,1.07,4089,8.41,18.40,17.32
中信证券,600030,24.23,24.63,24.65,2152355,1041298,1110969,24.22,10492,24.21,7418,24.20,3761,24.19,5959,24.18,7091,24.23,716,24.24,1469,24.25,2004,24.26,678,24.27,779,15:00:04/24.23/15046/S/36456458/63647|14:57:04/24.21/31/S/75052/62779|14:57:00/24.21/817/B/1977957/62763|14:56:57/24.21/426/B/1031095/62749|14:56:53/24.21/869/B/2103743/62734|14:56:50/24.21/1284/B/3108026/62720,20190319153001,-0.40,-1.62,24.75,24.09,24.21/2137309/5217295354,2152355,525375,2.19,27.13,24.75,24.09,2.68,2378.09,2935.93,1.92,27.09,22.17,0.69,29075,24.41,30.10,25.68
三一重工,600031,12.80,12.99,12.86,1168809,507435,661324,12.80,3528,12.79,1823,12.78,2507,12.77,1123,12.76,1385,12.81,1178,12.82,1252,12.83,1457,12.84,485,12.85,1662,15:00:01/12.80/8350/S/10688410/63638|14:57:01/12.80/566/B/724475/62766|14:56:58/12.80/15/B/19200/62753|14:56:55/12.80/124/B/158648/62738|14:56:52/12.79/103/S/131803/62726|14:56:49/12.80/31/B/39680/62709,20190319153001,-0.19,-1.46,13.09,12.71,12.80/1168809/1504974065,1168809,150497,1.51,19.30,13.09,12.71,2.93,993.67,998.49,3.33,14.29,11.69,0.69,4332,12.88,15.33,47.72
福建高速,600033,3.53,3.50,3.50,219736,108815,110912,3.53,92,3.52,2991,3.51,1346,3.50,2065,3.49,3985,3.54,4296,3.55,4673,3.56,3162,3.57,3205,3.58,5655,15:00:04/3.53/3579/S/1263387/63647|14:56:57/3.53/143/B/50479/62749|14:56:50/3.53/47/B/16591/62720|14:56:48/3.53/38/B/13414/62706|14:56:42/3.53/353/S/124629/62685|14:56:39/3.53/20/S/7060/62674,20190319153001,0.03,0.86,3.60,3.46,3.53/219736/77354216,219736,7735,0.80,14.39,3.60,3.46,4.00,96.88,96.88,1.08,3.85,3.15,1.11,-10512,3.53,11.98,14.76
楚天高速,600035,3.84,3.87,3.87,178565,68308,110256,3.83,6407,3.82,2305,3.81,1809,3.80,6655,3.79,946,3.84,2801,3.85,4089,3.86,2077,3.87,2202,3.88,1724,15:00:04/3.84/2249/S/863616/63647|14:57:03/3.84/19/B/7296/62774|14:56:53/3.83/3/S/1149/62730|14:56:50/3.84/10/B/3840/62715|14:56:47/3.83/133/S/51069/62703|14:56:38/3.84/40/B/15360/62671,20190319153001,-0.03,-0.78,3.87,3.80,3.84/178565/68482515,178565,6848,1.17,11.37,3.87,3.80,1.81,58.63,66.36,1.06,4.26,3.48,0.42,5229,3.84,10.14,11.53
招商银行,600036,32.03,32.36,32.40,486750,204753,281874,32.02,356,32.01,229,32.00,2243,31.99,1442,31.98,2599,32.03,2247,32.04,885,32.05,973,32.06,130,32.07,161,15:00:04/32.03/4808/S/15399767/63647|14:57:00/32.03/7/S/22421/62763|14:56:57/32.03/33/S/105940/62749|14:56:50/32.02/1/S/3202/62720|14:56:48/32.02/40/S/128095/62706|14:56:45/32.02/23/M/73646/62698,20190319153001,-0.33,-1.02,32.62,31.93,32.03/481942/1550382628,486750,156578,0.24,10.26,32.62,31.93,2.13,6607.45,8077.92,1.64,35.60,29.12,0.72,2473,32.17,8.99,11.52
歌华有线,600037,11.92,11.50,11.49,224020,111937,112050,11.92,770,11.91,4510,11.90,425,11.89,51,11.88,238,11.93,624,11.94,409,11.95,1173,11.96,249,11.97,749,15:00:04/11.92/4420/S/5268640/63647|14:57:00/11.91/146/S/174029/62763|14:56:57/11.92/43/B/51256/62749|14:56:53/11.92/100/B/119200/62734|14:56:50/11.92/338/S/402896/62720|14:56:48/11.93/4/B/4772/62706,20190319153001,0.42,3.65,11.94,11.38,11.91/219600/256995740,224020,26226,1.61,24.73,11.94,11.38,4.87,165.90,165.90,1.28,12.65,10.35,1.23,2790,11.70,22.75,21.79
中直股份,600038,46.38,45.69,45.66,76515,42846,33599,46.37,10,46.36,8,46.35,10,46.34,2,46.33,29,46.38,261,46.39,2678,46.40,431,46.41,85,46.42,265,15:00:04/46.38/508/S/2356104/63647|14:57:01/46.38/8/S/37104/62766|14:56:58/46.38/37/S/171616/62753|14:56:52/46.38/27/S/125229/62726|14:56:49/46.39/91/B/422148/62709|14:56:46/46.38/13/S/60294/62700,20190319153001,0.69,1.51,46.45,45.57,46.38/76007/350763389,76515,35312,1.30,55.77,46.45,45.57,1.93,273.40,273.40,3.68,50.26,41.12,0.92,-3661,46.15,66.95,60.04
四川路桥,600039,4.04,4.05,4.08,731540,335744,395788,4.04,1259,4.03,1564,4.02,1474,4.01,6180,4.00,8886,4.05,7636,4.06,11675,4.07,2797,4.08,4776,4.09,8688,15:00:04/4.04/3721/S/1503284/63647|14:57:00/4.04/679/B/274316/62763|14:56:53/4.04/26/B/10504/62734|14:56:50/4.04/24/B/9696/62720|14:56:48/4.03/140/S/56460/62706|14:56:45/4.03/190/S/76700/62698,20190319153001,-0.01,-0.25,4.12,3.96,4.04/727819/293298753,731540,29480,2.12,12.35,4.12,3.96,3.95,139.67,145.87,1.10,4.46,3.65,1.07,-16209,4.03,19.83,13.71
保利地产,600048,14.24,14.40,14.40,1363653,665396,698183,14.24,1562,14.23,110,14.22,1840,14.21,1748,14.20,4336,14.25,1358,14.26,434,14.27,565,14.28,646,14.29,934,15:00:04/14.24/8314/S/11838197/63647|14:57:03/14.20/11/B/15620/62774|14:56:59/14.20/56/B/79498/62760|14:56:56/14.20/20/B/28400/62744|14:56:53/14.20/40/B/56800/62730|14:56:50/14.20/77/B/109333/62715,20190319153001,-0.16,-1.11,14.76,14.10,14.24/1363653/1961203260,1363653,196120,1.16,9.99,14.76,14.10,4.58,1676.47,1693.85,1.57,15.84,12.96,0.83,5659,14.38,13.24,10.84
中国联通,600050,7.10,7.07,7.05,2232741,1085056,1147677,7.10,5725,7.09,11496,7.08,7438,7.07,4077,7.06,5818,7.11,26498,7.12,39534,7.13,26212,7.14,11620,7.15,33579,15:00:04/7.10/31133/S/22104274/63647|14:57:00/7.10/564/B/400440/62763|14:56:57/7.10/922/B/653982/62749|14:56:53/7.10/295/B/209280/62734|14:56:50/7.10/1323/B/939296/62720|14:56:48/7.10/208/B/147635/62706,20190319153001,0.03,0.42,7.13,7.00,7.10/2201608/1555018826,2232741,157712,1.05,54.01,7.13,7.00,1.84,1504.96,2203.91,1.57,7.78,6.36,0.45,-102889,7.06,54.01,54.01
宁波联合,600051,6.89,6.79,6.82,69223,37902,31304,6.88,175,6.87,86,6.86,353,6.85,104,6.84,51,6.89,879,6.90,993,6.91,406,6.92,580,6.93,713,15:00:04/6.89/628/S/432692/63647|14:56:56/6.89/10/B/6890/62744|14:56:53/6.89/27/B/18598/62730|14:56:50/6.89/52/B/35828/62715|14:56:47/6.89/4/B/2756/62703|14:56:44/6.89/4/B/2756/62694,20190319153001,0.10,1.47,6.93,6.77,6.89/69223/47418995,69223,4742,2.23,4.67,6.93,6.77,2.36,21.42,21.42,0.92,7.47,6.11,0.96,-2802,6.85,19.97,4.45
浙江广厦,600052,3.63,3.65,3.64,58931,26671,32259,3.62,248,3.61,1040,3.60,747,3.59,1273,3.58,1225,3.63,573,3.64,844,3.65,1516,3.66,1798,3.67,516,15:00:02/3.63/51/S/18513/63641|14:57:02/3.62/4/S/1448/62770|14:56:58/3.62/18/S/6516/62753|14:56:55/3.62/4/S/1448/62738|14:56:52/3.62/10/S/3620/62726|14:56:49/3.62/4/S/1448/62709,20190319153001,-0.02,-0.55,3.65,3.58,3.63/58931/21305204,58931,2131,0.68,12.32,3.65,3.58,1.92,31.65,31.65,1.31,4.02,3.29,0.57,-714,3.61,21.94,16.78
九鼎投资,600053,27.60,26.48,26.99,111874,60403,51371,27.59,227,27.58,547,27.57,328,27.56,37,27.55,15,27.60,47,27.61,68,27.62,42,27.63,132,27.64,1,15:00:04/27.60/1841/S/5081160/63647|14:57:00/27.57/3/S/8271/62763|14:56:57/27.59/2/M/5518/62749|14:56:53/27.57/46/S/126885/62734|14:56:50/27.59/58/B/159985/62720|14:56:48/27.58/38/M/104824/62706,20190319153001,1.12,4.23,28.22,26.56,27.57/110033/303991635,111874,30907,2.58,33.75,28.22,26.56,6.27,119.66,119.66,5.86,29.13,23.83,1.03,864,27.63,53.16,36.95
黄山旅游,600054,11.38,11.39,11.39,51395,24181,27206,11.38,892,11.37,160,11.36,257,11.35,98,11.34,50,11.39,362,11.40,158,11.41,64,11.42,200,11.43,101,15:00:04/11.38/200/S/227600/63647|14:57:00/11.38/4/S/4552/62763|14:56:57/11.38/46/S/52348/62749|14:56:53/11.38/19/S/21637/62734|14:56:50/11.38/5/S/5690/62720|14:56:36/11.38/102/S/116080/62662,20190319153001,-0.01,-0.09,11.48,11.30,11.38/51195/58254516,51395,5848,1.00,17.26,11.48,11.30,1.58,58.41,85.04,2.04,12.53,10.25,0.58,572,11.38,15.16,20.54
万东医疗,600055,13.60,13.77,13.76,42726,17870,24844,13.60,172,13.59,14,13.58,258,13.57,17,13.56,6,13.61,10,13.63,10,13.64,58,13.65,28,13.66,1,15:00:04/13.60/312/S/424320/63647|14:56:53/13.60/39/B/53022/62734|14:56:50/13.59/15/B/20385/62720|14:56:45/13.59/15/S/20385/62698|14:56:36/13.60/15/B/20400/62662|14:56:32/13.59/7/S/9513/62648,20190319153001,-0.17,-1.23,13.95,13.55,13.60/42414/58117049,42726,5854,0.79,54.73,13.95,13.55,2.90,73.55,73.55,3.86,15.15,12.39,0.50,360,13.70,62.40,67.41
中国医药,600056,15.80,15.89,16.00,263780,112719,151021,15.79,741,15.78,577,15.77,106,15.76,267,15.75,390,15.80,685,15.81,349,15.82,319,15.83,195,15.84,138,15:00:04/15.80/838/S/1324040/63647|14:57:01/15.79/400/S/631600/62766|14:56:58/15.80/6/B/9480/62753|14:56:55/15.80/97/S/153260/62738|14:56:49/15.81/36/B/56900/62709|14:56:46/15.81/6/B/9481/62700,20190319153001,-0.09,-0.57,16.28,15.73,15.79/262942/420283159,263780,42161,2.61,11.03,16.28,15.73,3.46,159.92,168.82,2.01,17.48,14.30,1.25,395,15.99,10.21,13.00
厦门象屿,600057,5.12,4.98,4.98,408951,183740,225199,5.11,1757,5.10,7070,5.09,552,5.08,2231,5.07,224,5.12,1804,5.13,2980,5.14,4009,5.15,5220,5.16,1857,15:00:02/5.12/1785/S/913920/63641|14:56:52/5.12/457/B/233567/62726|14:56:49/5.10/11/S/5610/62709|14:56:46/5.11/54/B/27594/62700|14:56:43/5.10/11/S/5610/62689|14:56:40/5.10/4/S/2042/62678,20190319153001,0.14,2.81,5.20,4.93,5.12/408951/207707324,408951,20771,1.90,10.64,5.20,4.93,5.42,110.46,110.46,1.17,5.48,4.48,2.12,-4036,5.08,10.12,15.46
五矿发展,600058,8.40,8.53,8.44,64509,25141,39360,8.39,475,8.38,102,8.37,181,8.36,274,8.35,1061,8.40,155,8.41,936,8.42,132,8.43,177,8.44,248,15:00:02/8.40/1200/S/1008000/63641|14:56:52/8.40/20/B/16800/62726|14:56:49/8.39/10/S/8390/62709|14:56:40/8.40/1/B/840/62678|14:56:34/8.40/491/B/412440/62651|14:56:31/8.40/5/B/4200/62637,20190319153001,-0.13,-1.52,8.52,8.35,8.40/64509/54304767,64509,5430,0.60,-22.54,8.52,8.35,1.99,90.04,90.04,1.97,9.38,7.68,0.73,445,8.42,-17.07,260.90
古越龙山,600059,8.01,8.10,8.04,72447,27879,44561,8.01,42,8.00,359,7.99,86,7.98,212,7.97,1086,8.02,304,8.03,17,8.04,266,8.05,464,8.06,127,15:00:04/8.01/373/S/298773/63647|14:56:48/8.01/3/B/2402/62706|14:56:45/8.00/10/S/8000/62698|14:56:42/8.00/4/S/3200/62685|14:56:39/8.01/12/B/9603/62674|14:56:36/8.01/5/B/4001/62662,20190319153001,-0.09,-1.11,8.10,7.96,8.01/72074/57774790,72447,5807,0.90,36.68,8.10,7.96,1.73,64.76,64.76,1.61,8.91,7.29,0.91,607,8.02,42.34,39.41
海信电器,600060,10.96,10.93,10.93,294690,144126,150535,10.96,802,10.95,1060,10.94,211,10.93,175,10.92,270,10.97,5067,10.98,1281,10.99,1098,11.00,1033,11.01,158,15:00:04/10.96/2232/S/2445899/63647|14:56:59/10.97/59/B/64683/62760|14:56:56/10.96/235/S/257638/62744|14:56:53/10.97/53/B/58141/62730|14:56:50/10.97/21/B/23026/62715|14:56:47/10.96/46/S/50416/62703,20190319153001,0.03,0.27,11.16,10.85,10.96/294690/323787346,294690,32379,2.25,20.30,11.16,10.85,2.84,143.41,143.41,1.03,12.02,9.84,0.74,-6119,10.99,29.53,15.23
国投资本,600061,13.88,13.77,13.51,278464,145006,133396,13.87,655,13.86,119,13.85,312,13.84,192,13.83,161,13.88,237,13.89,85,13.90,358,13.91,33,13.92,10,15:00:04/13.88/3547/S/4923236/63647|14:57:01/13.87/89/B/123392/62766|14:56:58/13.86/100/S/138606/62753|14:56:51/13.86/57/S/79024/62723|14:56:49/13.87/55/B/76285/62709|14:56:46/13.86/65/S/90120/62700,20190319153001,0.11,0.80,14.36,13.51,13.87/274917/382508924,278464,38743,0.67,33.33,14.36,13.51,6.17,579.33,586.73,1.60,15.15,12.39,0.99,716,13.92,40.08,22.66
华润双鹤,600062,13.92,13.99,14.06,316625,142469,174128,13.92,1922,13.91,710,13.90,1194,13.89,1008,13.88,529,13.93,529,13.94,272,13.95,193,13.96,148,13.97,121,15:00:04/13.92/5032/S/7004112/63647|14:57:00/13.91/8/B/11128/62763|14:56:57/13.90/2/B/2780/62749|14:56:53/13.90/55/B/76450/62734|14:56:48/13.90/110/B/152900/62706|14:56:45/13.90/538/B/747820/62698,20190319153001,-0.07,-0.50,14.11,13.72,13.91/311593/433519838,316625,44052,3.85,14.99,14.11,13.72,2.79,114.60,145.22,1.85,15.39,12.59,1.16,4100,13.91,14.99,14.99
皖维高新,600063,3.38,3.43,3.43,304372,124270,180099,3.38,301,3.37,4899,3.36,8658,3.35,8274,3.34,788,3.39,3100,3.40,3419,3.41,9123,3.42,4512,3.43,4812,15:00:02/3.38/2047/S/691886/63645|14:56:53/3.39/70/B/23730/62734|14:56:50/3.38/33/S/11154/62720|14:56:45/3.38/20/S/6760/62698|14:56:39/3.38/15/S/5070/62674|14:56:36/3.38/369/S/124722/62662,20190319153001,-0.05,-1.46,3.44,3.35,3.39/302325/102668833,304372,10336,1.58,57.86,3.44,3.35,2.62,65.10,65.10,1.41,3.77,3.09,0.61,-2046,3.40,35.36,76.35
南京高科,600064,12.83,12.35,11.93,803935,379448,424401,12.82,1024,12.81,156,12.80,224,12.79,157,12.78,293,12.83,2267,12.84,3922,12.85,2532,12.86,615,12.87,288,15:00:02/12.83/18389/S/23593087/63645|14:57:01/12.84/317/S/407241/62766|14:56:58/12.84/1173/B/1505785/62753|14:56:55/12.82/517/S/663265/62738|14:56:51/12.84/198/B/254091/62723|14:56:49/12.84/98/B/125762/62709,20190319153001,0.48,3.89,12.93,11.71,12.84/785546/960596793,803935,98419,6.50,13.21,12.93,11.71,9.88,158.57,158.57,1.55,13.59,11.12,0.87,-7770,12.24,14.92,16.76
宇通客车,600066,13.46,13.60,13.65,248479,105440,143014,13.46,821,13.45,483,13.44,343,13.43,481,13.42,817,13.47,904,13.48,361,13.49,194,13.50,1004,13.51,195,15:00:00/13.46/1611/S/2168406/63637|14:57:01/13.46/15/S/20190/62766|14:56:58/13.47/4/B/5388/62753|14:56:55/13.46/75/B/101650/62738|14:56:49/13.46/234/B/314950/62709|14:56:46/13.45/20/S/26900/62700,20190319153001,-0.14,-1.03,13.70,13.37,13.46/248479/335473080,248479,33547,1.12,12.29,13.70,13.37,2.43,298.00,298.00,2.04,14.96,12.24,0.83,287,13.50,18.66,9.52
冠城大通,600067,5.09,4.99,4.99,317043,156015,161017,5.08,2062,5.07,372,5.06,921,5.05,799,5.04,218,5.09,50,5.10,2781,5.11,1188,5.12,1398,5.13,1162,15:00:02/5.09/4485/S/2282865/63645|14:57:00/5.08/154/S/78346/62763|14:56:57/5.09/20/B/10180/62749|14:56:53/5.09/24/B/12216/62734|14:56:50/5.09/98/B/49882/62720|14:56:48/5.09/35/B/17815/62706,20190319153001,0.10,2.00,5.17,4.93,5.08/312558/158327969,317043,16061,2.12,10.01,5.17,4.93,4.81,75.95,75.95,0.97,5.49,4.49,0.95,-2207,5.07,10.01,10.01
葛洲坝,600068,7.37,7.53,7.52,851455,366181,485264,7.37,1691,7.36,4205,7.35,4333,7.34,1951,7.33,5109,7.38,2182,7.39,1378,7.40,2504,7.41,2152,7.42,980,15:00:02/7.37/6812/S/5020444/63641|14:57:02/7.37/45/B/33165/62770|14:56:58/7.37/130/B/95810/62753|14:56:55/7.37/38/B/27976/62738|14:56:52/7.37/17/B/12529/62726|14:56:49/7.37/439/B/323423/62709,20190319153001,-0.16,-2.12,7.57,7.30,7.37/851455/631240593,851455,63124,1.85,6.95,7.57,7.30,3.59,339.37,339.37,1.33,8.28,6.78,1.29,8093,7.41,9.13,7.25
银鸽投资,600069,3.90,3.98,3.93,284891,94161,190728,3.89,5973,3.88,2915,3.87,1139,3.86,1723,3.85,4068,3.90,925,3.91,3028,3.92,3184,3.93,2747,3.94,1017,15:00:02/3.90/3428/S/1336920/63645|14:57:01/3.89/160/S/62378/62766|14:56:58/3.90/217/S/84630/62753|14:56:55/3.90/531/B/207094/62738|14:56:51/3.90/17/B/6630/62723|14:56:49/3.90/43/B/16750/62709,20190319153001,-0.08,-2.01,3.96,3.84,3.89/281463/109420547,284891,11076,1.75,117.67,3.96,3.84,3.02,63.33,63.33,2.98,4.38,3.58,0.45,4917,3.89,328.07,113.92
浙江富润,600070,9.05,8.45,8.51,166043,88096,77930,9.04,10,9.03,746,9.02,310,9.01,222,9.00,1219,9.05,41,9.06,64,9.07,152,9.08,479,9.09,224,15:00:02/9.05/4067/S/3680635/63645|14:56:59/9.03/94/S/84910/62760|14:56:56/9.05/42/B/37986/62744|14:56:47/9.05/96/S/86920/62703|14:56:43/9.05/34/B/30779/62693|14:56:41/9.05/11/M/9955/62683,20190319153001,0.60,7.10,9.16,8.33,9.05/166043/144154480,166043,14415,4.14,26.62,9.16,8.33,9.82,36.34,47.24,2.01,9.30,7.61,0.98,1547,8.69,24.95,28.43
凤凰光学,600071,11.93,12.02,12.00,19808,10850,8943,11.93,80,11.92,45,11.91,156,11.90,25,11.89,100,11.95,1,11.96,9,11.97,9,11.98,3,11.99,21,15:00:02/11.93/80/S/95440/63645|14:56:46/11.91/2/S/2382/62700|14:56:40/11.95/1/S/1195/62678|14:56:37/11.95/1/S/1195/62667|14:56:31/11.97/3/S/3591/62637|14:56:16/11.98/2/B/2396/62566,20190319153001,-0.09,-0.75,12.15,11.88,11.93/19808/23786004,19808,2379,0.83,43.77,12.15,11.88,2.25,28.33,28.33,6.75,13.22,10.82,0.75,363,12.01,-499.03,84.49
中船科技,600072,11.85,11.85,0.00,0,0,0,0.00,0,0.00,0,0.00,0,0.00,0,0.00,0,0.00,0,0.00,0,0.00,0,0.00,0,0.00,0,20190319153001,0.00,0.00,0.00,0.00,11.85/0/0,0,0,0.00,532.35,S,0.00,0.00,0.00,71.19,87.25,2.38,13.04,10.67,0.00,0,11.85,2484.27,286.81
上海梅林,600073,9.01,8.97,8.98,259405,103012,156339,9.00,238,8.99,276,8.98,221,8.97,1399,8.96,11,9.01,764,9.02,735,9.03,481,9.04,472,9.05,909,15:00:02/9.01/2182/S/1965982/63641|14:56:58/9.00/2/B/1800/62753|14:56:52/9.00/2/S/1800/62726|14:56:49/9.00/436/B/392400/62709|14:56:46/9.00/7/B/6300/62700|14:56:43/9.00/14/B/12600/62689,20190319153001,0.04,0.45,9.27,8.84,9.01/259405/234704830,259405,23470,2.77,29.87,9.27,8.84,4.79,84.49,84.49,2.21,9.87,8.07,0.77,-1216,9.05,20.98,30.13
*ST保千,600074,1.26,1.24,1.26,288644,177514,111130,1.26,10462,1.25,8968,1.24,7414,1.23,4835,1.22,2567,1.27,7442,1.28,14247,1.29,15564,1.30,46102,0.00,0,15:00:02/1.26/2557/S/322182/63645|14:56:57/1.26/50/S/6300/62749|14:56:53/1.26/50/S/6300/62734|14:56:50/1.27/10/B/1270/62720|14:56:48/1.27/37/B/4699/62706|14:56:45/1.27/17/B/2159/62698,20190319153001,0.02,1.61,1.30,1.25,1.26/286087/36488472,288644,3681,2.81,-0.36,1.30,1.25,4.03,12.93,30.72,-0.82,1.30,1.18,1.22,-49109,1.28,-6.28,-0.40
新疆天业,600075,5.74,5.63,5.63,181569,91207,90352,5.73,981,5.72,1859,5.71,645,5.70,427,5.69,314,5.74,467,5.75,3737,5.76,1846,5.77,1995,5.78,3280,15:00:02/5.74/4257/S/2443518/63641|14:56:58/5.72/104/S/59488/62753|14:56:55/5.73/721/B/412974/62738|14:56:52/5.72/770/S/440869/62726|14:56:49/5.73/49/B/28060/62709|14:56:46/5.72/52/S/29766/62700,20190319153001,0.11,1.95,5.76,5.56,5.74/181569/102832011,181569,10283,2.96,16.27,5.76,5.56,3.55,35.25,55.82,1.21,6.19,5.07,1.24,-7099,5.66,13.30,10.36
康欣新材,600076,5.12,5.08,5.10,204760,93665,111094,5.12,4577,5.11,2382,5.10,2392,5.09,697,5.08,1034,5.13,4403,5.14,4925,5.15,7343,5.16,2714,5.17,1536,15:00:02/5.12/9406/S/4815610/63641|14:56:58/5.12/3/B/1536/62753|14:56:55/5.12/10/B/5120/62738|14:56:52/5.12/28/B/14326/62726|14:56:49/5.12/10/B/5120/62709|14:56:46/5.12/70/B/35790/62700,20190319153001,0.04,0.79,5.15,5.04,5.12/204760/104095367,204760,10410,1.98,11.33,5.15,5.04,2.17,52.95,52.95,1.46,5.59,4.57,0.70,-9839,5.08,11.33,11.33
宋都股份,600077,3.28,3.29,3.31,126261,58343,67917,3.28,3048,3.27,630,3.26,1485,3.25,697,3.24,701,3.29,111,3.30,5625,3.31,1147,3.32,3276,3.33,5461,15:00:02/3.28/1469/S/481832/63645|14:56:53/3.28/91/S/29848/62730|14:56:50/3.29/155/S/50995/62715|14:56:35/3.29/2/S/659/62656|14:56:32/3.29/61/S/20069/62641|14:56:17/3.29/30/S/9870/62570,20190319153001,-0.01,-0.30,3.33,3.25,3.28/126261/41540626,126261,4154,0.94,14.14,3.33,3.25,2.43,43.96,43.96,1.14,3.62,2.96,0.69,-9059,3.29,19.29,28.24
澄星股份,600078,4.27,4.20,4.20,183860,92238,91619,4.27,186,4.26,436,4.25,151,4.24,638,4.23,180,4.28,33,4.29,1816,4.30,1932,4.31,1121,4.32,1998,15:00:04/4.27/3161/S/1349747/63647|14:57:00/4.29/11/B/4719/62763|14:56:57/4.29/6/B/2574/62749|14:56:48/4.29/11/B/4719/62706|14:56:45/4.29/102/B/43758/62698|14:56:42/4.29/1/B/429/62685,20190319153001,0.07,1.67,4.34,4.18,4.29/180699/76922026,183860,7827,2.77,134.90,4.34,4.18,3.81,28.29,28.29,1.52,4.62,3.78,1.11,-5309,4.26,534.40,48.09
人福医药,600079,11.35,11.41,11.43,123188,55195,67981,11.35,299,11.34,276,11.33,723,11.32,319,11.31,786,11.36,246,11.37,349,11.38,518,11.39,25,11.40,823,15:00:04/11.35/643/S/729805/63647|14:56:57/11.35/100/S/113500/62749|14:56:53/11.36/2/B/2272/62734|14:56:50/11.35/52/S/59020/62720|14:56:45/11.36/15/B/17040/62698|14:56:36/11.35/10/S/11350/62662,20190319153001,-0.06,-0.53,11.57,11.26,11.35/123188/140149694,123188,14015,0.96,19.76,11.57,11.26,2.72,145.97,153.65,1.29,12.55,10.27,0.64,442,11.38,17.77,7.43
金花股份,600080,7.64,7.73,7.71,122920,46542,76371,7.64,2639,7.63,852,7.62,819,7.61,797,7.60,1682,7.65,165,7.66,126,7.67,393,7.68,431,7.69,378,15:00:14/7.64/1730/S/1321720/63667|14:57:01/7.65/51/S/39065/62766|14:56:58/7.65/24/B/18360/62753|14:56:55/7.64/193/S/147602/62738|14:56:52/7.64/43/S/32852/62726|14:56:46/7.64/15/S/11460/62700,20190319153001,-0.09,-1.16,7.80,7.61,7.65/121190/93040091,122920,9436,4.03,47.95,7.80,7.61,2.46,23.32,28.52,1.61,8.50,6.96,0.69,5296,7.68,61.36,53.34
东风科技,600081,9.68,9.31,9.35,93797,52993,40793,9.67,453,9.66,32,9.65,100,9.64,11,9.63,75,9.68,408,9.69,646,9.70,417,9.71,135,9.72,574,15:00:02/9.68/1048/S/1014464/63645|14:56:59/9.68/63/B/60941/62760|14:56:56/9.67/4/S/3868/62744|14:56:50/9.66/6/B/5796/62715|14:56:47/9.66/16/S/15459/62703|14:56:43/9.68/317/B/306766/62693,20190319153001,0.37,3.97,9.79,9.25,9.68/93797/89337066,93797,8934,2.99,22.61,9.79,9.25,5.80,30.35,30.35,2.28,10.24,8.38,1.88,-1509,9.53,18.89,21.80
海泰发展,600082,5.53,5.60,5.48,297835,146590,151226,5.53,2850,5.52,1604,5.51,406,5.50,2100,5.49,523,5.54,1419,5.55,2182,5.56,834,5.57,532,5.58,523,15:00:02/5.53/2380/S/1316140/63645|14:57:03/5.54/10/B/5540/62774|14:56:59/5.54/25/B/13827/62760|14:56:56/5.54/56/B/31011/62744|14:56:50/5.53/17/S/9413/62715|14:56:47/5.54/33/B/18259/62703,20190319153001,-0.07,-1.25,5.65,5.45,5.53/297835/164939264,297835,16494,4.70,60.82,5.65,5.45,3.57,35.05,35.73,2.12,6.16,5.04,0.56,1993,5.54,2487.07,250.24
博信股份,600083,18.04,18.08,18.05,21476,13958,7510,18.03,1,18.02,1,18.00,10,17.97,4,17.96,70,18.04,238,18.05,44,18.06,48,18.07,105,18.08,76,15:00:04/18.04/94/S/169576/63647|14:57:00/18.04/8/B/14426/62763|14:56:50/18.03/7/B/12621/62720|14:56:32/17.95/15/S/26937/62648|14:56:30/18.03/30/B/54021/62632|14:56:24/17.96/211/S/378956/62602,20190319153001,-0.04,-0.22,18.10,17.91,18.04/21476/38663256,21476,3866,0.94,174.74,18.10,17.91,1.05,41.13,41.49,52.41,19.89,16.27,0.93,-425,18.01,209.62,492.84
中葡股份,600084,3.54,3.52,3.53,338777,150055,188717,3.54,2194,3.53,146,3.52,406,3.51,3148,3.50,3101,3.55,5291,3.56,453,3.57,614,3.58,1343,3.59,1548,15:00:02/3.54/12526/S/4434204/63645|14:56:55/3.52/80/B/28160/62738|14:56:52/3.51/17/S/5967/62726|14:56:46/3.50/359/S/125679/62700|14:56:43/3.51/9/S/3159/62689|14:56:40/3.51/163/B/57213/62678,20190319153001,0.02,0.57,3.67,3.47,3.52/326251/115616623,338777,12005,3.01,-39.46,3.67,3.47,5.68,39.78,39.78,1.76,3.87,3.17,0.77,-254,3.55,-35.57,-44.26
同仁堂,600085,30.89,31.01,31.10,89890,42494,47179,30.89,129,30.88,84,30.87,91,30.86,28,30.85,26,30.90,86,30.91,28,30.93,23,30.95,7,30.96,49,15:00:00/30.89/531/S/1640259/63637|14:57:01/30.87/10/S/30870/62766|14:56:58/30.87/11/B/33957/62753|14:56:55/30.87/7/B/21609/62738|14:56:49/30.87/16/B/49392/62709|14:56:46/30.87/101/B/311787/62700,20190319153001,-0.12,-0.39,31.25,30.61,30.89/89890/277158225,89890,27716,0.66,40.43,31.25,30.61,2.06,423.65,423.65,4.72,34.11,27.91,0.84,165,30.83,37.39,41.64
东方金钰,600086,6.29,5.72,5.62,1274566,681880,592642,6.29,35239,6.28,1602,6.27,1021,6.26,227,6.25,497,0.00,0,0.00,0,0.00,0,0.00,0,0.00,0,15:00:02/6.29/3685/S/2317865/63645|14:56:59/6.29/51/S/32079/62760|14:56:53/6.29/53/S/33337/62730|14:56:50/6.29/111/S/69819/62715|14:56:47/6.29/67/S/42143/62703|14:56:43/6.29/106/S/66674/62693,20190319153001,0.57,9.97,6.29,5.52,6.29/1274566/765648206,1274566,76565,12.06,-93.83,6.29,5.52,13.46,66.48,84.91,2.71,6.29,5.15,1.16,38586,6.01,-89.72,36.73
中视传媒,600088,20.36,18.51,19.25,141435,59553,81860,20.36,28073,20.35,80,20.34,6,20.32,18,20.31,193,0.00,0,0.00,0,0.00,0,0.00,0,0.00,0,15:00:14/20.36/2/S/4887/63667|14:55:25/20.36/1/S/2036/62330|14:55:01/20.36/10/S/20360/62228|14:52:13/20.36/1/S/2036/61513|14:51:13/20.36/4/S/7329/61257|14:50:13/20.36/1/S/2036/61026,20190319153001,1.85,9.99,20.36,19.25,20.36/141435/281017784,141435,28102,3.56,86.71,20.36,19.25,6.00,80.97,80.97,7.08,20.36,16.66,0.51,28370,19.89,78.43,98.48
特变电工,600089,8.48,8.45,8.52,636112,292583,343517,8.48,2944,8.47,1882,8.46,2050,8.45,2204,8.44,397,8.49,5629,8.50,3059,8.51,2196,8.52,2170,8.53,3076,15:00:02/8.48/4193/S/3555121/63645|14:56:58/8.49/66/B/55994/62753|14:56:55/8.48/193/S/163828/62738|14:56:52/8.48/100/S/84800/62726|14:56:49/8.49/125/B/106074/62709|14:56:46/8.49/32/B/27168/62700,20190319153001,0.03,0.36,8.64,8.41,8.49/631919/538569801,636112,54212,1.71,13.82,8.64,8.41,2.72,314.97,314.99,1.08,9.30,7.61,0.61,-6653,8.52,12.19,14.35
同济堂,600090,6.22,6.31,6.30,173793,63201,110587,6.22,102,6.21,1494,6.20,628,6.19,136,6.18,282,6.23,1657,6.24,1457,6.25,1444,6.26,1794,6.27,460,15:00:04/6.22/1255/S/780610/63647|14:57:00/6.21/246/S/152962/62763|14:56:50/6.21/4/S/2484/62720|14:56:45/6.21/30/S/18630/62698|14:56:42/6.22/302/B/187844/62685|14:56:32/6.22/2/B/1244/62648,20190319153001,-0.09,-1.43,6.30,6.10,6.21/172538/107121362,173793,10790,2.47,17.36,6.30,6.10,3.17,43.71,89.55,1.44,6.94,5.68,0.69,-4170,6.21,16.67,17.39
ST明科,600091,4.22,4.19,4.20,28484,14962,13521,4.21,11,4.20,63,4.19,10,4.18,134,4.17,295,4.22,85,4.23,1051,4.24,2176,4.25,569,4.26,1052,15:00:02/4.22/587/S/247714/63645|14:56:50/4.22/5/B/2110/62720|14:55:48/4.21/30/S/12630/62438|14:55:09/4.22/5/B/2110/62261|14:52:56/4.21/10/S/4210/61722|14:52:24/4.21/9/B/3789/61561,20190319153001,0.03,0.72,4.23,4.15,4.22/28484/11935984,28484,1194,0.65,-142.09,4.23,4.15,1.91,18.46,18.46,2.07,4.40,3.98,0.86,-4420,4.19,-261.00,330.66
易见股份,600093,12.57,12.51,12.56,132561,57418,75120,12.57,111,12.56,123,12.55,164,12.54,63,12.53,90,12.58,277,12.59,38,12.60,5,12.61,399,12.62,308,15:00:14/12.57/3116/S/3916812/63667|14:57:01/12.59/6/S/7554/62766|14:56:55/12.61/246/B/310113/62738|14:56:52/12.59/32/B/40288/62726|14:56:49/12.59/63/B/79287/62709|14:56:46/12.59/67/B/84353/62700,20190319153001,0.06,0.48,12.73,12.40,12.57/132561/166899875,132561,16690,1.18,16.04,12.73,12.40,2.64,141.09,141.09,2.03,13.76,11.26,0.49,-476,12.59,15.63,17.30
大名城,600094,6.95,6.90,6.80,409046,239851,169163,6.94,59,6.93,230,6.92,515,6.91,236,6.90,204,6.95,1635,6.96,753,6.97,1073,6.98,405,6.99,843,15:00:02/6.95/948/S/658860/63641|14:56:58/6.95/2/B/1390/62753|14:56:55/6.94/1/S/694/62738|14:56:52/6.93/980/S/679239/62726|14:56:49/6.94/13/B/9258/62709|14:56:46/6.94/51/B/35394/62700,20190319153001,0.05,0.72,7.21,6.76,6.95/409046/286197782,409046,28620,1.80,21.22,7.21,6.76,6.52,158.22,172.04,1.48,7.59,6.21,0.94,-3465,7.00,231.93,12.18
哈高科,600095,5.06,5.11,5.10,134198,51666,82530,5.05,1615,5.04,1161,5.03,14889,5.02,279,5.01,1184,5.06,657,5.07,1739,5.08,1353,5.09,1321,5.10,1981,15:00:02/5.06/2735/S/1383910/63641|14:56:58/5.06/13/S/6578/62753|14:56:52/5.06/9/S/4554/62726|14:56:49/5.07/20/B/10140/62709|14:56:46/5.07/94/B/47648/62700|14:56:43/5.07/50/B/25350/62689,20190319153001,-0.05,-0.98,5.10,5.00,5.06/134198/67764587,134198,6776,3.71,150.54,5.10,5.00,1.96,18.28,18.28,2.52,5.62,4.60,0.43,12077,5.05,-519.01,87.29
云天化,600096,6.58,6.66,6.65,102385,42655,59722,6.58,61,6.57,255,6.56,156,6.55,297,6.54,63,6.59,337,6.60,329,6.61,311,6.62,160,6.63,80,15:00:02/6.58/679/S/446782/63645|14:56:53/6.58/170/B/111860/62734|14:56:39/6.57/5/S/3289/62674|14:56:36/6.58/31/B/20368/62662|14:56:32/6.57/11/S/7227/62648|14:56:26/6.57/111/B/72927/62618,20190319153001,-0.08,-1.20,6.69,6.49,6.58/101706/66849266,102385,6730,0.77,35.61,6.69,6.49,3.00,86.95,93.94,2.18,7.33,5.99,0.88,-385,6.57,84.96,46.54
开创国际,600097,12.81,12.99,12.80,40430,17219,23202,12.80,904,12.79,132,12.78,398,12.77,41,12.75,50,12.81,2,12.82,99,12.83,76,12.84,133,12.85,494,15:00:02/12.81/1120/S/1434720/63645|14:57:03/12.79/184/B/235336/62774|14:56:56/12.79/115/B/147084/62744|14:56:53/12.79/50/B/63950/62730|14:56:47/12.79/105/B/134290/62703|14:56:41/12.78/2/S/2556/62683,20190319153001,-0.18,-1.39,12.91,12.68,12.81/40430/51588400,40430,5159,1.79,14.18,12.91,12.68,1.77,28.99,30.86,1.89,14.29,11.69,0.58,721,12.76,18.90,25.18
广州发展,600098,6.35,6.31,6.32,85066,38303,46751,6.34,79,6.33,575,6.32,395,6.31,610,6.30,1092,6.35,1128,6.36,1690,6.37,2345,6.38,2278,6.39,1164,15:00:02/6.35/579/S/367665/63645|14:56:53/6.33/300/S/189968/62734|14:56:48/6.34/2/B/1268/62706|14:56:39/6.33/300/S/190082/62674|14:56:26/6.33/1/S/633/62618|14:56:24/6.35/3/B/1902/62602,20190319153001,0.04,0.63,6.38,6.29,6.35/85066/53933069,85066,5393,0.31,23.70,6.38,6.29,1.43,173.11,173.11,1.06,6.94,5.68,0.97,-5854,6.34,20.14,25.51
林海股份,600099,7.16,7.19,7.23,33783,15049,18733,7.16,124,7.15,744,7.14,62,7.13,40,7.12,36,7.17,31,7.18,536,7.19,133,7.20,310,7.21,49,15:00:02/7.16/309/S/221244/63645|14:56:53/7.17/17/B/12183/62734|14:56:42/7.17/10/S/7148/62685|14:56:15/7.17/8/S/5736/62562|14:56:09/7.17/1/S/717/62535|14:55:36/7.18/72/B/51696/62383,20190319153001,-0.03,-0.42,7.30,7.11,7.16/33783/24280808,33783,2428,1.54,-7435.48,7.30,7.11,2.64,15.69,15.69,3.33,7.91,6.47,0.74,-53,7.19,5672.86,814.17
同方股份,600100,12.01,11.85,11.86,470430,232264,238100,12.01,1737,12.00,893,11.99,468,11.98,1165,11.97,1058,12.02,343,12.03,610,12.04,165,12.05,156,12.06,283,15:00:14/12.01/4243/S/5095843/63667|14:57:01/11.99/11/B/13189/62766|14:56:58/11.99/31/B/37169/62753|14:56:55/11.99/10/B/11990/62738|14:56:52/11.99/28/B/33564/62726|14:56:49/11.99/66/S/79134/62709,20190319153001,0.16,1.35,12.40,11.73,11.99/466187/564226247,470430,56932,1.59,-125.11,12.40,11.73,5.65,355.96,355.96,1.78,13.04,10.67,0.87,3764,12.11,-46.64,343.46
明星电力,600101,8.73,8.40,8.40,141857,76086,65761,8.72,184,8.71,223,8.70,292,8.69,341,8.68,69,8.73,1068,8.74,246,8.75,843,8.76,743,8.77,614,15:00:02/8.73/1282/S/1119186/63645|14:56:59/8.73/10/B/8730/62760|14:56:56/8.72/12/S/10467/62744|14:56:53/8.73/4/B/3492/62730|14:56:50/8.72/57/S/49731/62715|14:56:47/8.73/4/B/3492/62703,20190319153001,0.33,3.93,8.88,8.40,8.73/141857/122785551,141857,12279,4.38,25.86,8.88,8.40,5.71,28.30,28.30,1.30,9.24,7.56,1.85,-2405,8.66,20.22,28.85
青山纸业,600103,3.24,3.22,3.23,122222,56745,65476,3.23,2991,3.22,1600,3.21,2647,3.20,1639,3.19,1702,3.24,3799,3.25,2868,3.26,4842,3.27,5731,3.28,6693,15:00:14/3.24/1530/S/495720/63667|14:57:01/3.24/4/B/1296/62766|14:56:58/3.23/10/S/3238/62753|14:56:55/3.24/4/B/1296/62738|14:56:52/3.24/4/B/1296/62726|14:56:46/3.24/4/B/1296/62700,20190319153001,0.02,0.62,3.26,3.19,3.24/122222/39339639,122222,3934,1.15,32.50,3.26,3.19,2.17,34.40,57.47,1.66,3.54,2.90,0.73,-13354,3.22,25.02,54.53
上汽集团,600104,26.60,26.35,26.45,484522,235301,249161,26.60,1957,26.59,436,26.58,435,26.57,303,26.56,460,26.61,76,26.62,619,26.63,495,26.64,312,26.65,408,15:00:02/26.60/5994/S/15944386/63645|14:57:00/26.60/92/B/244715/62763|14:56:56/26.60/191/B/508060/62748|14:56:53/26.60/130/B/345735/62734|14:56:50/26.59/100/S/265970/62720|14:56:48/26.60/18/B/47880/62706,20190319153001,0.25,0.95,26.70,26.26,26.60/478528/1269388667,484522,128533,0.42,8.30,26.70,26.26,1.67,3059.91,3107.80,1.35,28.99,23.72,0.87,1681,26.53,8.42,9.03
永鼎股份,600105,5.95,5.62,5.65,657212,369040,288150,5.94,6068,5.93,1632,5.92,1493,5.91,1658,5.90,2096,5.95,1199,5.96,4656,5.97,3302,5.98,8053,5.99,2837,15:00:02/5.95/12616/S/7506520/63645|14:57:00/5.94/31/B/18403/62763|14:56:56/5.94/134/B/79555/62748|14:56:53/5.94/77/B/45668/62734|14:56:50/5.93/43/S/25466/62720|14:56:48/5.93/89/S/52407/62706,20190319153001,0.33,5.87,6.10,5.56,5.94/644596/377090372,657212,38460,5.31,32.44,6.10,5.56,9.61,73.63,74.55,2.79,6.18,5.06,1.66,-7100,5.86,52.39,25.57
重庆路桥,600106,3.80,3.80,3.78,278472,141450,137020,3.79,2152,3.78,1205,3.77,1291,3.76,1523,3.75,1841,3.80,4678,3.81,5766,3.82,2167,3.83,3886,3.84,1876,15:00:02/3.80/1453/S/552140/63645|14:57:01/3.79/35/S/13265/62766|14:56:58/3.80/5/B/1900/62753|14:56:55/3.80/49/B/18620/62738|14:56:46/3.80/23/B/8740/62700|14:56:43/3.79/50/S/18950/62689,20190319153001,0.00,0.00,3.89,3.70,3.80/278472/105119752,278472,10512,2.54,15.76,3.89,3.70,5.00,41.74,41.74,1.17,4.18,3.42,0.92,-10361,3.78,14.53,14.89
美尔雅,600107,8.00,7.91,7.95,136131,69220,66908,7.99,365,7.98,404,7.97,550,7.96,132,7.95,372,8.00,1155,8.01,1997,8.02,439,8.03,474,8.04,456,15:00:02/8.00/1292/S/1033600/63645|14:56:55/7.99/133/B/106267/62738|14:56:51/7.99/73/B/58327/62723|14:56:49/7.99/10/B/7990/62709|14:56:46/7.99/6/B/4794/62700|14:56:43/7.99/5/B/3995/62689,20190319153001,0.09,1.14,8.04,7.82,7.99/134839/107094780,136131,10813,3.78,407.85,8.04,7.82,2.78,28.80,28.80,5.22,8.70,7.12,0.79,-2698,7.94,-559.78,623.88
亚盛集团,600108,3.37,3.35,3.35,456585,229270,227312,3.36,3505,3.35,3790,3.34,7474,3.33,2749,3.32,15875,3.37,303,3.38,3549,3.39,3681,3.40,4834,3.41,6585,15:00:02/3.37/4153/S/1399561/63641|14:56:55/3.37/62/S/20924/62738|14:56:49/3.37/70/S/23590/62709|14:56:46/3.36/65/S/21900/62700|14:56:40/3.38/4400/B/1483832/62678|14:56:37/3.36/591/S/198644/62667,20190319153001,0.02,0.60,3.43,3.31,3.37/456585/153011676,456585,15301,2.35,66.45,3.43,3.31,3.58,65.61,65.61,1.38,3.69,3.02,1.10,14441,3.35,78.54,67.03
国金证券,600109,10.19,10.30,10.31,547395,255062,292312,10.18,3806,10.17,5830,10.16,817,10.15,3509,10.14,2605,10.19,474,10.20,981,10.21,430,10.22,434,10.23,537,15:00:02/10.19/3804/S/3876276/63645|14:57:01/10.18/25/S/25455/62766|14:56:58/10.19/249/S/253303/62753|14:56:55/10.19/235/S/239465/62738|14:56:51/10.20/168/B/171652/62723|14:56:49/10.19/77/B/78460/62709,20190319153001,-0.11,-1.07,10.37,10.14,10.18/543591/558058641,547395,56193,1.81,29.83,10.37,10.14,2.23,308.18,308.18,1.60,11.33,9.27,0.61,13711,10.27,32.54,25.65
诺德股份,600110,5.18,5.15,5.14,325673,156000,169669,5.17,1634,5.16,17444,5.15,2473,5.14,2590,5.13,1367,5.18,1323,5.19,2028,5.20,9813,5.21,1242,5.22,1942,15:00:02/5.18/5151/S/2668218/63645|14:57:01/5.17/20/B/10340/62766|14:56:55/5.16/142/S/73272/62738|14:56:49/5.16/183/S/94548/62709|14:56:46/5.17/1/B/517/62700|14:56:43/5.16/65/S/33540/62689,20190319153001,0.03,0.58,5.27,5.12,5.17/320522/166183872,325673,16885,2.83,68.28,5.27,5.12,2.91,59.59,59.59,2.86,5.67,4.64,0.58,9160,5.19,73.52,31.35
北方稀土,600111,11.89,11.87,11.80,848173,414386,433737,11.88,1974,11.87,2958,11.86,1276,11.85,1948,11.84,474,11.89,3268,11.90,5194,11.91,1475,11.92,2780,11.93,4324,15:00:02/11.89/12798/S/15216822/63641|14:57:02/11.89/113/B/134262/62770|14:56:58/11.89/261/B/310090/62753|14:56:55/11.89/93/B/110275/62738|14:56:52/11.88/399/S/474176/62726|14:56:49/11.88/1331/B/1580976/62709,20190319153001,0.02,0.17,12.01,11.62,11.89/848173/1002450437,848173,100245,2.33,100.08,12.01,11.62,3.29,431.97,431.97,4.76,13.06,10.68,0.72,-8411,11.82,85.39,107.63
天成控股,600112,4.95,5.03,5.04,183332,69802,113528,4.94,1152,4.93,1413,4.92,2372,4.91,1969,4.90,4321,4.95,84,4.96,1944,4.97,2932,4.98,1231,4.99,1237,15:00:02/4.95/1872/S/926640/63641|14:57:02/4.95/27/S/13377/62770|14:56:58/4.95/125/S/61885/62753|14:56:40/4.95/50/B/24750/62678|14:56:37/4.95/30/B/14850/62667|14:56:34/4.95/50/B/24750/62651,20190319153001,-0.08,-1.59,5.06,4.90,4.95/183332/91072061,183332,9107,3.60,29.90,5.06,4.90,3.18,25.21,25.21,1.99,5.53,4.53,0.45,3799,4.97,23.24,127.63
浙江东日,600113,8.51,8.43,8.44,127596,55313,72275,8.51,1365,8.50,1639,8.49,650,8.48,1385,8.47,454,8.52,242,8.53,83,8.54,443,8.55,1507,8.56,315,15:00:14/8.51/3521/S/2996031/63667|14:56:58/8.49/14/B/11886/62753|14:56:55/8.49/25/B/21225/62738|14:56:49/8.49/38/B/32241/62709|14:56:46/8.48/10/M/8480/62700|14:56:34/8.47/315/M/267294/62651,20190319153001,0.08,0.95,8.58,8.36,8.49/124075/104831166,127596,10783,3.10,33.45,8.58,8.36,2.61,35.01,35.01,2.98,9.27,7.59,0.74,2903,8.45,33.45,33.45
东睦股份,600114,8.28,8.33,8.33,194793,87723,107065,8.28,303,8.27,1152,8.26,581,8.25,123,8.24,176,8.29,242,8.30,364,8.31,105,8.32,563,8.33,788,15:00:02/8.28/986/S/816077/63645|14:57:04/8.27/100/S/82700/62779|14:57:00/8.28/4/B/3312/62763|14:56:50/8.28/35/S/28980/62720|14:56:48/8.29/169/B/140101/62706|14:56:44/8.28/166/S/137458/62697,20190319153001,-0.05,-0.60,8.37,8.15,8.27/193807/159785159,194793,16060,3.07,15.76,8.37,8.15,2.64,52.53,53.45,2.03,9.16,7.50,0.85,273,8.24,16.10,17.81
东方航空,600115,6.35,6.35,6.55,1087499,483526,603953,6.34,3188,6.33,3629,6.32,2038,6.31,2631,6.30,4121,6.35,240,6.36,3869,6.37,1633,6.38,1033,6.39,3164,15:00:02/6.35/4691/S/2978785/63645|14:56:56/6.35/105/B/66675/62748|14:56:53/6.35/314/B/199360/62734|14:56:50/6.35/193/B/122503/62720|14:56:48/6.35/43/B/27285/62706|14:56:44/6.34/54/S/34240/62697,20190319153001,0.00,0.00,6.60,6.29,6.35/1082808/697651498,1087499,70063,1.11,31.39,6.60,6.29,4.88,622.84,918.69,1.59,6.99,5.72,1.05,5668,6.44,15.35,14.46
三峡水利,600116,9.96,9.96,0.00,0,0,0,0.00,0,0.00,0,0.00,0,0.00,0,0.00,0,0.00,0,0.00,0,0.00,0,0.00,0,0.00,0,20190319153001,0.00,0.00,0.00,0.00,9.96/0/0,0,0,0.00,31.01,S,0.00,0.00,0.00,98.90,98.90,3.51,10.96,8.96,0.00,0,9.96,42.46,28.80
西宁特钢,600117,4.31,4.47,4.53,527259,243259,283989,4.30,2027,4.29,4061,4.28,3487,4.27,4134,4.26,2869,4.31,1564,4.32,845,4.33,309,4.34,205,4.35,549,15:00:14/4.31/6262/S/2698922/63667|14:57:01/4.31/10/B/4310/62766|14:56:58/4.30/112/S/48160/62753|14:56:55/4.30/8/S/3440/62738|14:56:46/4.30/616/S/264889/62700|14:56:43/4.31/344/B/148092/62689,20190319153001,-0.16,-3.58,4.53,4.27,4.31/520997/226957610,527259,22966,7.11,-12.68,4.53,4.27,5.82,31.95,45.04,1.76,4.92,4.02,2.03,13106,4.35,-5.86,75.31
中国卫星,600118,26.18,25.40,25.40,253620,124545,128990,26.18,512,26.17,742,26.16,109,26.15,40,26.14,2,26.19,310,26.20,591,26.21,139,26.22,204,26.23,120,15:00:02/26.18/1477/S/3868147/63645|14:57:01/26.17/12/S/31406/62766|14:56:58/26.18/20/B/52360/62753|14:56:55/26.18/4/M/10472/62738|14:56:51/26.19/166/B/434654/62723|14:56:49/26.19/38/B/99513/62709,20190319153001,0.78,3.07,26.89,25.16,26.17/252143/660257353,253620,66413,2.14,74.12,26.89,25.16,6.81,309.58,309.58,5.81,27.94,22.86,0.56,41,26.18,74.12,74.12
长江投资,600119,7.77,7.98,7.85,205205,86297,118892,7.77,294,7.76,683,7.75,439,7.74,521,7.73,164,7.78,1105,7.79,715,7.80,611,7.81,459,7.82,272,15:00:00/7.77/2701/S/2098677/63637|14:56:58/7.78/448/B/348206/62753|14:56:55/7.77/58/B/45064/62738|14:56:52/7.77/17/B/13199/62726|14:56:49/7.76/8/S/6208/62709|14:56:46/7.77/39/B/30303/62700,20190319153001,-0.21,-2.63,7.88,7.66,7.77/205205/159471166,205205,15947,6.68,-5.84,7.88,7.66,2.76,23.88,23.88,4.59,8.78,7.18,0.75,-1061,7.77,-6.15,-25.49
浙江东方,600120,17.75,17.67,17.52,122737,58520,64175,17.75,624,17.74,456,17.73,322,17.72,431,17.71,230,17.76,266,17.77,541,17.78,76,17.79,72,17.80,523,15:00:02/17.75/2988/S/5303877/63641|14:57:02/17.74/10/S/17740/62770|14:56:58/17.75/81/B/143775/62753|14:56:55/17.74/36/S/63864/62738|14:56:52/17.75/48/B/85200/62726|14:56:49/17.74/189/M/335446/62709,20190319153001,0.08,0.45,17.87,17.32,17.75/122737/216920862,122737,21692,1.85,22.26,17.87,17.32,3.11,118.06,155.20,1.62,19.44,15.90,0.60,585,17.67,20.59,21.57
郑州煤电,600121,3.76,3.82,3.80,416623,176523,240083,3.75,1097,3.74,2602,3.73,1019,3.72,2084,3.71,1925,3.76,265,3.77,950,3.78,1372,3.79,1068,3.80,1417,15:00:14/3.76/5877/S/2209752/63667|14:57:01/3.77/18/B/6772/62766|14:56:58/3.76/4/S/1504/62753|14:56:55/3.77/165/B/62201/62738|14:56:52/3.76/4/S/1504/62726|14:56:49/3.77/240/B/90440/62709,20190319153001,-0.06,-1.57,3.94,3.68,3.77/410746/155796227,416623,15801,4.10,21.57,3.94,3.68,6.81,38.18,38.18,1.05,4.20,3.44,2.08,3655,3.79,17.38,6.08
宏图高科,600122,4.66,4.67,4.67,332720,151658,181055,4.66,1772,4.65,4634,4.64,3311,4.63,2974,4.62,2027,4.67,1374,4.68,2849,4.69,3701,4.70,3949,4.71,1108,15:00:14/4.66/4978/S/2319748/63667|14:57:01/4.65/26/S/12111/62766|14:56:58/4.65/11/S/5115/62753|14:56:52/4.65/3/S/1395/62726|14:56:49/4.65/54/S/25110/62709|14:56:46/4.67/238/B/111006/62700,20190319153001,-0.01,-0.21,4.77,4.62,4.65/327742/153446310,332720,15577,2.87,-25.22,4.77,4.62,3.21,53.97,53.97,0.69,5.14,4.20,0.61,1737,4.68,-11.38,8.87
兰花科创,600123,7.98,8.07,8.07,211764,77217,134543,7.97,1305,7.96,969,7.95,784,7.94,299,7.93,1881,7.98,1198,7.99,911,8.00,1009,8.01,244,8.02,351,15:00:14/7.98/1207/S/963186/63667|14:56:58/7.97/8/B/6376/62753|14:56:52/7.96/70/S/55720/62726|14:56:49/7.97/50/B/39850/62709|14:56:43/7.97/2/B/1594/62689|14:56:40/7.97/20/B/15940/62678,20190319153001,-0.09,-1.12,8.08,7.92,7.97/210557/168145130,211764,16911,1.85,8.87,8.08,7.92,1.98,91.16,91.16,0.90,8.88,7.26,0.84,1525,7.98,6.92,11.66
铁龙物流,600125,8.44,8.45,8.43,324006,157944,166041,8.44,476,8.43,635,8.42,487,8.41,546,8.40,646,8.45,2307,8.46,5045,8.47,2394,8.48,2043,8.49,1585,15:00:02/8.44/2218/S/1871992/63645|14:57:00/8.45/10/B/8450/62763|14:56:56/8.44/19/S/16036/62748|14:56:53/8.44/51/M/43044/62734|14:56:50/8.45/48/B/40507/62720|14:56:48/8.44/258/S/217752/62706,20190319153001,-0.01,-0.12,8.55,8.33,8.44/324006/272961177,324006,27296,2.48,23.89,8.55,8.33,2.60,110.19,110.19,1.98,9.30,7.61,1.05,-10584,8.43,20.24,33.31
杭钢股份,600126,5.26,5.39,5.37,171143,60127,111008,5.26,1660,5.25,3151,5.24,1916,5.23,2884,5.22,5139,5.27,1923,5.28,2054,5.29,2259,5.30,2501,5.31,1832,15:00:02/5.26/5850/S/3076916/63645|14:56:55/5.27/100/S/52700/62738|14:56:52/5.28/5/B/2640/62726|14:56:46/5.27/197/S/103824/62700|14:56:43/5.28/11/B/5807/62689|14:56:40/5.27/237/S/125099/62678,20190319153001,-0.13,-2.41,5.37,5.22,5.27/165293/87322874,171143,9040,1.42,8.03,5.37,5.22,2.78,63.39,177.64,0.98,5.93,4.85,0.86,4181,5.28,8.30,9.89
金健米业,600127,3.62,3.65,3.65,69802,28606,41194,3.62,147,3.61,439,3.60,1326,3.59,812,3.58,825,3.63,473,3.64,826,3.65,4155,3.66,362,3.67,297,15:00:02/3.62/507/S/183545/63641|14:56:58/3.62/1/B/362/62753|14:56:49/3.61/10/S/3610/62709|14:56:43/3.61/3/S/1083/62689|14:56:40/3.61/9/S/3545/62678|14:56:37/3.61/7/S/2528/62667,20190319153001,-0.03,-0.82,3.70,3.59,3.62/69802/25287642,69802,2529,1.09,-148.82,3.70,3.59,3.01,23.23,23.23,3.15,4.02,3.29,0.66,-2564,3.62,-99.40,211.86
弘业股份,600128,10.07,9.84,9.98,254664,129098,125541,10.06,336,10.05,382,10.04,368,10.03,383,10.02,280,10.07,9,10.08,1913,10.09,497,10.10,411,10.11,160,15:00:02/10.07/3756/S/3782292/63641|14:57:02/10.07/88/S/88707/62770|14:56:58/10.08/35/S/35280/62753|14:56:55/10.08/450/S/453445/62738|14:56:52/10.09/188/B/189537/62726|14:56:49/10.09/79/B/79639/62709,20190319153001,0.23,2.34,10.19,9.84,10.07/254664/255532820,254664,25553,10.32,-72.82,10.19,9.84,3.56,24.85,24.85,1.88,10.82,8.86,0.82,-1241,10.03,-46.09,202.62
太极集团,600129,11.32,11.30,11.26,43631,20434,23184,11.32,631,11.28,96,11.27,60,11.26,191,11.25,116,11.33,408,11.34,292,11.35,312,11.36,131,11.37,44,15:00:02/11.32/438/S/495816/63645|14:56:53/11.32/27/B/30554/62730|14:56:50/11.28/44/B/49589/62715|14:56:47/11.27/5/B/5635/62703|14:56:43/11.27/10/B/11270/62693|14:56:41/11.27/40/S/45082/62683,20190319153001,0.02,0.18,11.44,11.17,11.32/43631/49333490,43631,4933,0.80,37.89,11.44,11.17,2.39,61.57,63.04,1.96,12.43,10.17,0.77,-93,11.31,32.27,64.24
波导股份,600130,4.62,4.62,4.62,267974,128716,139252,4.61,1482,4.60,3413,4.59,1444,4.58,1151,4.57,1217,4.62,2221,4.63,2687,4.64,1078,4.65,1449,4.66,2509,15:00:02/4.62/2923/S/1350426/63645|14:57:00/4.62/223/B/102826/62763|14:56:56/4.61/22/S/10155/62748|14:56:53/4.62/640/B/295620/62734|14:56:50/4.62/66/B/30492/62720|14:56:48/4.62/39/B/17989/62706,20190319153001,0.00,0.00,4.71,4.55,4.62/265051/122490725,267974,12384,3.49,-78.67,4.71,4.55,3.46,35.48,35.48,4.04,5.08,4.16,0.47,-1237,4.62,76.01,-23.24
岷江水电,600131,20.58,20.43,20.25,358732,171866,186764,20.58,486,20.57,724,20.56,175,20.55,401,20.54,114,20.59,134,20.60,381,20.61,126,20.62,1,20.63,69,15:00:02/20.58/6025/S/12398895/63645|14:57:00/20.58/57/S/117291/62763|14:56:56/20.58/62/B/127572/62748|14:56:53/20.57/101/S/207818/62734|14:56:50/20.57/368/S/757272/62720|14:56:48/20.58/272/B/559530/62706,20190319153001,0.15,0.73,21.35,20.25,20.58/352707/737428820,358732,74983,8.80,79.48,21.35,20.25,5.38,83.90,103.75,8.40,22.47,18.39,0.59,1189,20.92,70.84,129.65
重庆啤酒,600132,33.79,34.60,34.60,29589,11647,17894,33.79,112,33.78,196,33.77,80,33.76,117,33.75,127,33.80,56,33.84,11,33.85,19,33.87,31,33.88,87,15:00:02/33.79/118/S/398722/63645|14:57:03/33.79/2/B/6758/62774|14:56:59/33.79/12/S/40548/62760|14:56:56/33.80/3/B/10140/62744|14:56:53/33.79/1/B/3379/62730|14:56:50/33.79/1/B/3379/62715,20190319153001,-0.81,-2.34,34.80,33.71,33.79/29589/101067965,29589,10107,0.61,41.08,34.80,33.71,3.15,163.53,163.53,14.08,38.06,31.14,0.89,428,34.16,31.89,49.64
东湖高新,600133,7.62,7.52,7.50,259087,122043,137032,7.62,2797,7.61,879,7.60,316,7.59,361,7.58,242,7.63,1423,7.64,1807,7.65,2486,7.66,833,7.67,139,15:00:02/7.62/5443/S/4147566/63645|14:57:03/7.62/23/B/17519/62774|14:56:59/7.62/75/B/57128/62760|14:56:56/7.61/155/S/117975/62744|14:56:53/7.62/167/S/127247/62730|14:56:50/7.62/101/B/76962/62715,20190319153001,0.10,1.33,7.62,7.39,7.62/259087/193985830,259087,19399,4.34,14.68,7.62,7.39,3.06,45.48,55.30,1.51,8.27,6.77,0.54,-2093,7.49,22.19,5.99
乐凯胶片,600135,8.22,8.30,8.31,114837,44594,70225,8.22,25,8.21,1093,8.20,731,8.19,56,8.18,609,8.23,235,8.24,182,8.25,607,8.26,344,8.27,150,15:00:02/8.22/592/S/486624/63645|14:57:00/8.22/13/B/10686/62763|14:56:56/8.20/200/S/164051/62748|14:56:50/8.21/10/S/8210/62720|14:56:48/8.21/56/B/45972/62706|14:56:44/8.20/3/S/2460/62697,20190319153001,-0.08,-0.96,8.40,8.11,8.22/114837/94836421,114837,9484,3.08,191.48,8.40,8.11,3.49,30.66,30.66,1.81,9.13,7.47,0.83,996,8.26,87.43,51.76
当代明诚,600136,13.40,13.24,13.24,80958,42963,37960,13.39,183,13.38,1,13.36,207,13.35,72,13.34,28,13.40,140,13.41,15,13.42,70,13.43,3,13.44,48,15:00:00/13.40/585/S/783900/63637|14:56:58/13.39/215/B/287663/62753|14:56:52/13.37/3/S/4011/62726|14:56:49/13.37/2/S/2676/62709|14:56:43/13.37/18/S/24094/62689|14:56:40/13.37/10/S/13370/62678,20190319153001,0.16,1.21,13.85,13.08,13.40/80958/109036738,80958,10904,1.80,31.35,13.85,13.08,5.82,60.11,65.28,2.41,14.56,11.92,0.57,215,13.48,37.63,50.95
浪莎股份,600137,15.98,15.93,15.98,13611,5201,8405,15.98,110,15.97,162,15.96,1,15.95,2,15.94,20,15.99,66,16.00,9,16.01,8,16.02,89,16.05,22,15:00:02/15.98/252/S/402696/63645|14:57:01/15.97/12/B/19164/62766|14:56:58/15.96/1/S/1596/62753|14:56:49/15.96/8/B/12768/62709|14:56:46/15.96/7/B/11168/62700|14:56:43/15.95/11/S/17545/62689,20190319153001,0.05,0.31,16.13,15.72,15.98/13611/21689845,13611,2169,1.40,64.47,16.13,15.72,2.57,15.54,15.54,3.15,17.52,14.34,0.62,101,15.93,53.61,67.68
中青旅,600138,16.48,16.47,16.54,77560,38161,39368,16.47,164,16.46,162,16.45,161,16.44,20,16.43,115,16.48,295,16.49,253,16.50,2247,16.51,3032,16.52,321,15:00:02/16.48/561/S/924528/63641|14:56:58/16.47/10/S/16470/62753|14:56:55/16.48/6/B/9887/62738|14:56:52/16.48/85/B/140074/62726|14:56:49/16.48/12/B/19776/62709|14:56:43/16.48/111/B/182905/62689,20190319153001,0.01,0.06,16.66,16.27,16.48/77560/127342138,77560,12734,1.07,19.33,16.66,16.27,2.37,119.29,119.29,1.97,18.12,14.82,0.69,-5526,16.42,16.37,20.87
西部资源,600139,4.70,4.70,4.71,207989,95156,112825,4.69,555,4.68,2247,4.67,209,4.66,289,4.65,196,4.70,4308,4.71,1745,4.72,1058,4.73,857,4.74,1005,15:00:02/4.70/1972/S/926840/63645|14:57:01/4.69/51/B/23919/62766|14:56:58/4.68/26/S/12168/62753|14:56:55/4.69/556/S/261041/62738|14:56:52/4.69/10/S/4690/62726|14:56:49/4.70/1369/B/643260/62709,20190319153001,0.00,0.00,4.74,4.58,4.69/206017/95625955,207989,9655,3.14,-6.87,4.74,4.58,3.40,31.11,31.11,8.23,5.17,4.23,0.60,-5477,4.64,-64.43,-5.19
兴发集团,600141,11.90,12.00,12.05,185697,88882,96802,11.90,112,11.89,93,11.88,112,11.87,193,11.86,581,11.91,226,11.92,670,11.93,660,11.94,363,11.95,343,15:00:00/11.90/3017/S/3590230/63637|14:57:01/11.92/20/B/23840/62766|14:56:58/11.92/1/B/1192/62753|14:56:55/11.92/50/B/59600/62738|14:56:52/11.92/59/B/70328/62726|14:56:49/11.92/125/B/149000/62709,20190319153001,-0.10,-0.83,12.08,11.81,11.90/185697/221400772,185697,22140,2.60,18.35,12.08,11.81,2.25,84.92,86.53,1.29,13.20,10.80,0.81,-1171,11.92,16.58,26.96
金发科技,600143,5.46,5.50,5.51,118566,49062,69498,5.45,499,5.44,1142,5.43,1110,5.42,959,5.41,553,5.46,658,5.47,1334,5.48,1158,5.49,917,5.50,1274,15:00:02/5.46/751/S/410046/63645|14:56:55/5.45/15/S/8175/62738|14:56:49/5.45/30/S/16350/62709|14:56:46/5.45/134/S/73031/62700|14:56:40/5.45/4/S/2180/62678|14:56:37/5.46/4/B/2184/62667,20190319153001,-0.04,-0.73,5.54,5.42,5.46/118566/64896187,118566,6490,0.46,19.93,5.54,5.42,2.18,139.78,148.34,1.44,6.05,4.95,0.70,-1078,5.47,17.00,27.07
*ST新亿,600145,1.87,1.87,0.00,0,0,0,0.00,0,0.00,0,0.00,0,0.00,0,0.00,0,0.00,0,0.00,0,0.00,0,0.00,0,0.00,0,20190319153001,0.00,0.00,0.00,0.00,1.87/0/0,0,0,0.00,57.56,S,0.00,0.00,0.00,27.88,27.88,4.18,1.96,1.78,0.00,0,1.87,49.79,272.43
商赢环球,600146,8.44,8.71,8.88,185277,74452,110809,8.44,136,8.43,109,8.42,686,8.41,713,8.40,692,8.45,2164,8.46,1540,8.47,355,8.48,171,8.49,287,15:00:02/8.44/2487/S/2099028/63645|14:57:01/8.47/57/B/48279/62766|14:56:58/8.47/107/B/90629/62753|14:56:51/8.47/75/B/63525/62723|14:56:49/8.47/51/S/43224/62709|14:56:43/8.47/102/S/86394/62689,20190319153001,-0.27,-3.10,8.94,8.31,8.47/182790/157315869,185277,15941,9.26,42.08,8.94,8.31,7.23,16.88,39.67,1.29,9.58,7.84,0.74,-2181,8.60,-66.14,18.82
长春一东,600148,18.47,18.59,18.60,30736,13867,16864,18.46,124,18.45,90,18.44,147,18.43,21,18.42,2,18.47,208,18.48,41,18.49,71,18.50,59,18.51,24,15:00:02/18.47/506/S/934582/63641|14:56:55/18.46/10/B/18460/62738|14:56:46/18.45/10/S/18450/62700|14:56:43/18.45/59/B/108855/62689|14:56:34/18.45/13/B/23985/62651|14:56:31/18.45/3/B/5533/62637,20190319153001,-0.12,-0.65,18.90,18.30,18.47/30736/57045909,30736,5705,2.17,110.45,18.90,18.30,3.23,26.14,26.14,6.41,20.45,16.73,0.69,-19,18.56,81.15,145.34
ST坊展,600149,6.09,6.00,6.07,36226,15981,20244,6.09,21,6.08,112,6.07,1,6.05,20,6.04,395,6.10,428,6.11,90,6.12,192,6.13,146,6.14,24,15:00:02/6.09/1533/S/933871/63641|14:57:02/6.08/1691/B/1026504/62770|14:56:49/6.04/44/S/26576/62709|14:56:40/6.04/218/B/131672/62678|14:56:37/6.03/30/S/18090/62667|14:56:31/6.04/5/B/3020/62637,20190319153001,0.09,1.50,6.11,6.00,6.09/36226/21935994,36226,2194,0.95,159.30,6.11,6.00,1.83,23.15,23.15,12.00,6.30,5.70,0.67,-331,6.06,-153.79,113.52
*ST船舶,600150,19.16,18.90,19.58,305806,146374,159384,19.16,455,19.15,1238,19.14,106,19.13,12,19.12,27,19.17,499,19.18,482,19.19,60,19.20,425,19.21,136,15:00:02/19.16/4030/S/7721480/63645|14:56:56/19.17/53/S/101634/62748|14:56:53/19.18/372/B/713388/62734|14:56:50/19.16/215/S/411912/62720|14:56:48/19.17/4/S/7668/62706|14:56:44/19.17/120/M/230140/62697,20190319153001,0.26,1.38,19.85,18.90,19.17/301776/588415645,305806,59614,2.22,53.97,19.85,18.90,5.03,264.05,264.05,1.77,19.85,17.96,1.49,236,19.49,53.97,53.97
航天机电,600151,5.72,5.62,5.62,334203,163658,170534,5.72,720,5.71,1121,5.70,2314,5.69,166,5.68,531,5.73,2018,5.74,1912,5.75,3016,5.76,2109,5.77,1899,15:00:02/5.72/2669/S/1526668/63645|14:56:56/5.72/18/S/10296/62748|14:56:53/5.73/56/B/32042/62734|14:56:50/5.72/25/S/14300/62720|14:56:48/5.72/1/S/572/62706|14:56:44/5.72/10/S/5720/62697,20190319153001,0.10,1.78,5.83,5.59,5.72/334203/191329442,334203,19133,2.41,-26.71,5.83,5.59,4.27,79.43,82.04,1.49,6.18,5.06,0.71,-6102,5.73,-25.42,-26.54
维科技术,600152,7.45,7.50,7.51,69765,28518,41242,7.44,638,7.43,325,7.42,50,7.41,74,7.40,537,7.45,270,7.46,1034,7.47,91,7.48,512,7.49,477,15:00:14/7.45/429/S/319605/63667|14:57:01/7.45/75/S/55875/62766|14:56:58/7.45/99/S/73755/62753|14:56:52/7.45/30/S/22350/62726|14:56:49/7.45/50/S/37250/62709|14:56:46/7.46/18/B/13418/62700,20190319153001,-0.05,-0.67,7.51,7.37,7.45/69765/51817037,69765,5182,2.37,44.10,7.51,7.37,1.87,21.97,32.85,2.21,8.25,6.75,0.54,-760,7.43,25.52,197.55
建发股份,600153,8.91,8.93,8.99,414395,211786,202587,8.90,133,8.89,816,8.88,375,8.87,740,8.86,1456,8.91,1578,8.92,351,8.93,143,8.94,231,8.95,43,15:00:14/8.91/1179/S/1050489/63667|14:56:58/8.89/15/S/13341/62753|14:56:55/8.90/210/S/186953/62738|14:56:49/8.91/142/B/126354/62709|14:56:46/8.90/3/B/2670/62700|14:56:43/8.90/42/S/37433/62689,20190319153001,-0.02,-0.22,9.18,8.83,8.89/413216/371330422,414395,37238,1.46,7.39,9.18,8.83,3.92,252.62,252.62,1.02,9.82,8.04,1.97,1174,8.99,11.03,7.58
华创阳安,600155,10.65,10.76,10.66,213035,91469,121537,10.65,3002,10.64,62,10.63,8,10.61,58,10.60,428,10.66,158,10.67,99,10.68,222,10.69,244,10.70,304,15:00:02/10.65/3937/S/4192905/63645|14:56:58/10.60/30/M/31763/62753|14:56:55/10.58/235/S/248705/62738|14:56:51/10.58/948/S/1004093/62723|14:56:49/10.59/27/S/28593/62709|14:56:46/10.59/9/S/9531/62700,20190319153001,-0.11,-1.02,10.86,10.53,10.60/209098/223269145,213035,22746,1.89,121.69,10.86,10.53,3.07,120.16,185.26,1.23,11.84,9.68,0.49,2531,10.68,56.02,141.50
华升股份,600156,7.26,7.41,7.56,760458,374451,385929,7.25,1594,7.24,1507,7.23,329,7.22,202,7.21,540,7.26,875,7.27,1395,7.28,1101,7.29,337,7.30,550,15:00:02/7.26/8824/S/6406224/63641|14:57:02/7.26/163/B/118185/62770|14:56:58/7.26/50/B/36300/62753|14:56:55/7.25/62/S/44950/62738|14:56:52/7.26/210/B/152333/62726|14:56:49/7.26/52/B/37749/62709,20190319153001,-0.15,-2.02,8.15,7.06,7.26/760458/580772069,760458,58077,18.91,-48.87,8.15,7.06,14.71,29.19,29.19,4.86,8.15,6.67,3.23,-86,7.64,-102.38,-33.72
永泰能源,600157,2.30,2.26,2.25,3829356,2016225,1813129,2.29,38296,2.28,64406,2.27,37469,2.26,34382,2.25,28895,2.30,26780,2.31,34102,2.32,20639,2.33,22548,2.34,22291,15:00:00/2.30/39668/S/9123640/63637|14:57:01/2.30/2106/B/484380/62766|14:56:58/2.29/1690/S/388252/62753|14:56:55/2.29/645/S/147828/62738|14:56:52/2.29/305/S/70104/62726|14:56:49/2.30/2580/B/593240/62709,20190319153001,0.04,1.77,2.37,2.23,2.30/3829356/885902312,3829356,88590,3.08,128.84,2.37,2.23,6.19,285.79,285.79,1.17,2.49,2.03,0.80,77088,2.31,689.59,47.45
中体产业,600158,11.68,11.13,11.24,436034,226648,209329,11.67,516,11.66,282,11.65,366,11.64,72,11.63,430,11.68,258,11.69,86,11.70,733,11.71,947,11.72,702,15:00:02/11.68/3310/S/3866080/63641|14:57:02/11.68/136/S/158895/62770|14:56:58/11.70/576/B/673451/62753|14:56:55/11.68/10/B/11680/62738|14:56:52/11.68/104/S/121472/62726|14:56:49/11.68/20/S/23360/62709,20190319153001,0.55,4.94,12.05,11.01,11.68/436034/506149360,436034,50615,6.63,117.45,12.05,11.01,9.34,76.80,98.55,5.81,12.24,10.02,1.45,-1060,11.61,117.45,117.45
大龙地产,600159,3.15,3.17,3.21,82248,36930,45314,3.15,758,3.14,1904,3.13,1716,3.12,661,3.11,695,3.16,673,3.17,2380,3.18,1345,3.19,920,3.20,1051,15:00:02/3.15/894/S/281641/63645|14:57:00/3.14/11/S/3454/62763|14:56:56/3.15/64/B/20160/62748|14:56:53/3.15/50/B/15750/62734|14:56:42/3.15/2/B/630/62685|14:56:35/3.14/5/S/1570/62661,20190319153001,-0.02,-0.63,3.24,3.13,3.15/82248/26153300,82248,2615,0.99,93.72,3.24,3.13,3.47,26.15,26.15,1.21,3.49,2.85,0.76,-635,3.18,-64.53,123.96
巨化股份,600160,8.55,8.65,8.61,338205,147268,190916,8.55,107,8.54,205,8.53,185,8.52,754,8.51,1061,8.56,1755,8.57,1205,8.58,1626,8.59,1629,8.60,1347,15:00:02/8.55/2467/S/2109285/63641|14:57:02/8.55/334/B/285583/62770|14:56:58/8.55/40/B/34195/62753|14:56:55/8.54/25/S/21350/62738|14:56:52/8.54/54/S/46168/62726|14:56:49/8.55/10/B/8550/62709,20190319153001,-0.10,-1.16,8.63,8.49,8.55/338205/288707375,338205,28871,1.27,13.18,8.63,8.49,1.62,227.29,234.71,1.91,9.52,7.79,0.59,-5250,8.54,10.65,25.09
天坛生物,600161,23.79,24.00,23.98,56757,26528,30166,23.77,15,23.76,237,23.74,21,23.73,83,23.72,100,23.79,146,23.80,6,23.81,10,23.82,21,23.83,124,15:00:02/23.79/467/S/1110993/63645|14:56:58/23.76/41/S/97417/62753|14:56:55/23.76/9/S/21386/62738|14:56:52/23.76/99/B/233915/62726|14:56:49/23.76/5/B/11880/62709|14:56:46/23.74/3/S/7126/62700,20190319153001,-0.21,-0.87,24.29,23.65,23.76/56290/134413874,56757,13552,0.65,36.03,24.29,23.65,2.67,207.24,207.24,6.26,26.40,21.60,0.71,149,23.88,39.19,17.56
香江控股,600162,2.85,2.88,2.88,264219,112799,151419,2.85,701,2.84,3488,2.83,6957,2.82,4706,2.81,2551,2.86,937,2.87,2395,2.88,4830,2.89,3178,2.90,7478,15:00:02/2.85/3383/S/964155/63645|14:56:56/2.85/4/B/1140/62744|14:56:50/2.85/7/B/1995/62715|14:56:47/2.85/3/B/855/62703|14:56:43/2.85/79/B/22444/62693|14:56:41/2.85/1/B/285/62683,20190319153001,-0.03,-1.04,2.92,2.82,2.85/264219/75807788,264219,7581,0.89,14.10,2.92,2.82,3.47,84.78,96.88,2.01,3.17,2.59,0.63,-415,2.87,25.73,11.86
中闽能源,600163,3.98,4.02,4.04,55491,20954,34536,3.98,366,3.97,413,3.96,276,3.95,1477,3.94,273,3.99,170,4.00,1671,4.01,3305,4.02,360,4.03,592,15:00:02/3.98/735/S/292530/63645|14:56:50/3.99/69/S/27531/62715|14:56:43/4.00/16/B/6400/62693|14:56:41/4.00/275/B/109627/62683|14:56:23/3.98/105/S/41790/62598|14:56:17/3.98/100/S/39800/62570,20190319153001,-0.04,-1.00,4.07,3.95,3.98/55491/22240968,55491,2224,0.56,24.04,4.07,3.95,2.99,39.78,39.78,2.17,4.42,3.62,0.56,-3293,4.01,30.89,25.92
新日恒力,600165,5.37,5.41,5.40,242671,105955,136710,5.37,2749,5.36,1146,5.35,1425,5.34,620,5.33,364,5.38,1148,5.39,675,5.40,942,5.41,742,5.42,2131,15:00:02/5.37/5399/S/2899263/63645|14:57:00/5.37/5/B/2685/62763|14:56:56/5.36/1/S/536/62748|14:56:53/5.36/50/S/26800/62734|14:56:50/5.37/106/B/56856/62720|14:56:44/5.36/148/S/79228/62697,20190319153001,-0.04,-0.74,5.48,5.31,5.37/237272/127884603,242671,13078,3.54,93.48,5.48,5.31,3.14,36.78,36.78,4.26,5.95,4.87,0.68,666,5.39,8377.40,96.20
福田汽车,600166,2.39,2.42,2.49,2356049,1230210,1125835,2.39,10615,2.38,34946,2.37,37794,2.36,15039,2.35,20641,2.40,14516,2.41,11285,2.42,4264,2.43,11078,2.44,9636,15:00:02/2.39/18596/S/4444444/63645|14:57:01/2.39/155/S/37150/62766|14:56:58/2.40/352/B/84379/62753|14:56:55/2.39/370/S/88430/62738|14:56:52/2.40/7297/B/1744021/62726|14:56:46/2.39/386/B/92254/62700,20190319153001,-0.03,-1.24,2.50,2.37,2.39/2337453/564983194,2356049,56943,3.53,-9.27,2.50,2.37,5.37,159.42,159.42,0.94,2.66,2.18,1.78,68256,2.41,-7.06,142.43
联美控股,600167,13.82,13.33,13.32,45079,24555,20505,13.82,368,13.81,419,13.80,244,13.79,96,13.78,142,13.83,28,13.84,2,13.85,29,13.86,14,13.88,1396,15:00:14/13.82/728/S/1006096/63667|14:57:01/13.83/1/S/1383/62766|14:56:58/13.88/22/B/30452/62753|14:56:55/13.84/7/B/9688/62738|14:56:52/13.84/89/S/123348/62726|14:56:49/13.86/105/S/145739/62709,20190319153001,0.49,3.68,13.97,13.13,13.82/45079/60588583,45079,6059,0.55,18.47,13.97,13.13,6.30,113.57,243.24,3.98,14.66,12.00,0.67,-200,13.46,18.47,18.47
武汉控股,600168,7.11,7.12,7.20,38976,15236,23737,7.10,596,7.09,710,7.08,139,7.07,202,7.06,1230,7.11,186,7.12,361,7.13,623,7.14,369,7.15,531,15:00:02/7.11/334/S/237474/63641|14:56:55/7.11/87/S/61857/62738|14:56:49/7.11/29/S/20619/62709|14:56:40/7.11/11/S/7821/62678|14:56:37/7.11/22/S/15662/62667|14:56:26/7.12/2/B/1424/62622,20190319153001,-0.01,-0.14,7.20,7.06,7.11/38976/27716571,38976,2772,0.55,17.24,7.20,7.06,1.97,50.45,50.45,1.02,7.83,6.41,0.49,807,7.11,16.63,15.38
太原重工,600169,3.05,3.05,3.09,255339,119546,135787,3.05,87,3.04,7277,3.03,3621,3.02,2185,3.01,1311,3.06,5164,3.07,6158,3.08,5290,3.09,3470,3.10,6440,15:00:02/3.05/5351/S/1631951/63645|14:56:56/3.05/30/B/9150/62744|14:56:53/3.05/8/B/2440/62730|14:56:47/3.05/523/B/159514/62703|14:56:41/3.05/969/S/295545/62683|14:56:38/3.05/66/S/20130/62671,20190319153001,0.00,0.00,3.13,3.03,3.05/255339/78320929,255339,7832,1.00,188.91,3.13,3.03,3.28,78.20,78.20,1.89,3.36,2.75,0.77,-12041,3.07,898.81,149.80
上海建工,600170,3.87,3.87,3.90,610691,258478,352210,3.87,1911,3.86,1462,3.85,4182,3.84,5556,3.83,8549,3.88,3320,3.89,5580,3.90,13059,3.91,8572,3.92,8113,15:00:02/3.87/5369/S/2077686/63645|14:57:00/3.87/118/S/45674/62763|14:56:56/3.88/18/M/6984/62748|14:56:53/3.89/78/B/30272/62734|14:56:50/3.89/432/B/167940/62720|14:56:48/3.87/50/B/19350/62706,20190319153001,0.00,0.00,3.93,3.82,3.87/605322/234722715,610691,23680,0.72,12.62,3.93,3.82,2.84,328.44,344.60,1.46,4.26,3.48,0.72,-16984,3.88,12.62,12.62
上海贝岭,600171,13.55,13.53,13.35,294950,140013,154882,13.54,192,13.53,1064,13.52,451,13.51,699,13.50,1352,13.55,91,13.56,1042,13.57,297,13.58,538,13.59,333,15:00:02/13.55/3617/S/4901035/63641|14:56:58/13.55/48/S/65045/62753|14:56:55/13.55/113/S/153115/62738|14:56:52/13.56/116/B/157231/62726|14:56:49/13.55/40/B/54200/62709|14:56:46/13.54/240/S/325019/62700,20190319153001,0.02,0.15,13.88,13.30,13.55/294950/400197603,294950,40020,4.38,86.52,13.88,13.30,4.29,91.30,94.80,3.98,14.88,12.18,0.51,1457,13.57,80.40,54.59
黄河旋风,600172,4.57,4.56,4.54,317043,143717,173321,4.57,1254,4.56,3444,4.55,1374,4.54,2019,4.53,935,4.58,2684,4.59,1767,4.60,2317,4.61,1660,4.62,2241,15:00:02/4.57/3739/S/1709107/63645|14:57:00/4.57/167/B/76319/62763|14:56:56/4.57/88/B/40198/62748|14:56:53/4.57/20/B/9140/62734|14:56:50/4.57/211/B/96427/62720|14:56:48/4.57/9/B/4113/62706,20190319153001,0.01,0.22,4.64,4.51,4.57/313304/143344498,317043,14505,2.77,156.98,4.64,4.51,2.85,52.31,66.33,1.38,5.02,4.10,0.45,-1643,4.58,48.99,128.98
卧龙地产,600173,4.97,4.98,5.06,98980,47789,51185,4.96,387,4.95,177,4.94,1163,4.93,1323,4.92,380,4.97,277,4.98,248,4.99,298,5.00,333,5.01,150,15:00:02/4.97/146/S/72562/63645|14:56:53/4.97/14/B/6957/62734|14:56:50/4.96/124/S/61624/62720|14:56:48/4.96/1/S/496/62706|14:56:42/4.96/9/S/4464/62685|14:56:35/4.96/11/S/5456/62661,20190319153001,-0.01,-0.20,5.11,4.93,4.97/98980/49615910,98980,4962,1.42,8.59,5.11,4.93,3.61,34.74,34.87,1.72,5.48,4.48,0.99,2124,5.01,8.33,11.08
美都能源,600175,3.00,2.88,2.83,2012837,1145067,867762,2.99,6883,2.98,24935,2.97,10930,2.96,6674,2.95,7477,3.00,6082,3.01,14807,3.02,15840,3.03,19692,3.04,15041,15:00:02/3.00/35043/S/10512900/63645|14:57:04/2.99/14/S/4186/62779|14:57:00/2.99/274/S/82064/62763|14:56:56/3.00/944/B/282761/62748|14:56:53/2.99/114/S/34188/62734|14:56:50/3.00/270/B/80969/62720,20190319153001,0.12,4.17,3.05,2.81,3.00/2012837/590055611,2012837,59006,8.21,60.94,3.05,2.81,8.33,73.53,107.29,0.98,3.17,2.59,1.60,-14563,2.93,55.33,185.35
中国巨石,600176,10.76,11.05,11.07,943664,419428,524218,10.76,5932,10.75,4938,10.74,4155,10.73,6419,10.72,3027,10.77,1607,10.78,3331,10.79,2007,10.80,2151,10.81,3049,15:00:02/10.76/6265/S/6741828/63645|14:57:04/10.76/15/S/16140/62779|14:57:00/10.77/30/B/32310/62763|14:56:56/10.77/152/B/163615/62748|14:56:53/10.77/120/B/129235/62734|14:56:50/10.77/69/B/74291/62720,20190319153001,-0.29,-2.62,11.11,10.70,10.76/937399/1017595984,943664,102434,2.69,15.01,11.11,10.70,3.71,376.85,376.85,2.76,12.16,9.95,1.28,12326,10.85,14.78,17.53
雅戈尔,600177,8.56,8.54,8.56,143369,69053,74304,8.55,772,8.54,2220,8.53,2425,8.52,2022,8.51,848,8.56,19,8.57,2162,8.58,2056,8.59,2288,8.60,3476,15:00:02/8.56/2287/S/1957672/63645|14:56:59/8.55/2/S/1710/62760|14:56:56/8.56/5/B/4280/62744|14:56:50/8.56/5/B/4280/62715|14:56:47/8.56/187/B/159946/62703|14:56:43/8.55/316/B/269880/62693,20190319153001,0.02,0.23,8.61,8.51,8.56/143369/122700923,143369,12270,0.40,-765.37,8.61,8.51,1.17,306.57,306.57,1.18,9.39,7.69,0.83,-1714,8.56,9.82,103.32
东安动力,600178,5.65,5.69,5.70,63250,26202,37036,5.64,406,5.63,218,5.62,540,5.61,142,5.60,751,5.65,68,5.66,506,5.67,766,5.68,1806,5.69,650,15:00:02/5.65/694/S/391856/63645|14:56:56/5.66/54/B/30564/62748|14:56:44/5.66/1/B/566/62697|14:56:42/5.65/10/S/5650/62685|14:56:39/5.66/2/B/1132/62674|14:56:35/5.66/14/B/7924/62661,20190319153001,-0.04,-0.70,5.70,5.60,5.65/63250/35740461,63250,3574,1.37,41.31,5.70,5.60,1.76,26.11,26.11,1.35,6.26,5.12,0.78,-1739,5.65,29.63,61.10
安通控股,600179,7.96,7.91,7.98,101713,47525,54175,7.94,627,7.93,360,7.92,101,7.91,347,7.90,524,7.96,1606,7.97,276,7.98,694,7.99,821,8.00,1485,15:00:02/7.96/2155/S/1715380/63645|14:57:00/7.93/150/B/118950/62763|14:56:56/7.91/1406/S/1112803/62748|14:56:50/7.92/1/S/792/62720|14:56:44/7.93/35/B/27755/62697|14:56:30/7.93/50/B/39650/62632,20190319153001,0.05,0.63,8.06,7.80,7.93/99558/79130665,101713,8085,1.51,16.95,8.06,7.80,3.29,53.62,118.36,3.48,8.70,7.12,0.56,-2923,7.95,17.35,21.43
瑞茂通,600180,9.86,10.33,10.33,91480,40876,50590,9.85,1379,9.84,266,9.83,424,9.82,220,9.81,115,9.86,322,9.87,119,9.88,152,9.89,102,9.90,322,15:00:02/9.86/930/S/916980/63645|14:56:49/9.86/278/S/274117/62709|14:56:46/9.87/14/B/13818/62700|14:56:43/9.87/80/B/78960/62689|14:56:40/9.87/1/B/987/62678|14:56:26/9.86/10/S/9860/62622,20190319153001,-0.47,-4.55,10.39,9.68,9.86/91480/90430136,91480,9043,0.90,13.56,10.39,9.68,6.87,100.22,100.22,1.78,11.36,9.30,0.95,1387,9.89,19.90,14.01
S佳通,600182,17.88,17.03,17.08,66318,27948,38358,17.88,2269,17.87,21,17.86,25,17.85,39,17.84,16,0.00,0,0.00,0,0.00,0,0.00,0,0.00,0,15:00:02/17.88/46/S/82248/63645|14:56:46/17.88/4/S/7152/62700|14:55:55/17.88/4/S/7152/62468|14:55:46/17.88/31/S/55428/62429|14:55:07/17.88/1/S/1788/62254|14:54:58/17.88/26/S/46488/62219,20190319153001,0.85,4.99,17.88,16.98,17.88/66272/117451480,66318,11753,3.90,64.00,17.88,16.98,5.28,30.40,60.79,6.76,17.88,16.18,1.97,2370,17.73,61.24,99.48
生益科技,600183,11.97,11.81,11.75,249182,135379,113782,11.96,632,11.95,1815,11.94,2026,11.93,65,11.92,40,11.97,313,11.98,1382,11.99,1549,12.00,5109,12.01,674,15:00:02/11.97/4005/S/4793985/63645|14:57:00/11.97/57/B/68193/62763|14:56:56/11.96/47/S/56234/62748|14:56:53/11.96/126/S/150731/62734|14:56:50/11.96/1/S/1196/62720|14:56:48/11.96/19/S/22071/62706,20190319153001,0.16,1.35,12.06,11.74,11.97/245177/292366414,249182,29716,1.18,23.51,12.06,11.74,2.71,253.46,253.46,4.28,12.99,10.63,1.02,-4449,11.93,23.47,23.59
光电股份,600184,12.36,12.43,12.50,51918,19506,32397,12.35,19,12.34,13,12.32,62,12.31,19,12.30,113,12.36,212,12.37,65,12.38,188,12.39,12,12.40,9,15:00:14/12.36/270/S/333720/63667|14:56:55/12.36/41/B/50659/62738|14:56:52/12.35/59/B/72865/62726|14:56:49/12.34/10/S/12340/62709|14:56:40/12.34/7/B/8634/62678|14:56:34/12.34/35/B/43180/62651,20190319153001,-0.07,-0.56,12.56,12.24,12.36/51918/64332748,51918,6433,1.02,91.65,12.56,12.24,2.57,62.88,62.88,2.73,13.67,11.19,0.75,-260,12.39,105.56,141.61
格力地产,600185,5.13,5.12,5.13,144618,71715,72897,5.13,1438,5.12,1456,5.11,905,5.10,1168,5.09,1827,5.14,1261,5.15,927,5.16,1051,5.17,1324,5.18,2022,15:00:02/5.13/517/S/265119/63645|14:56:58/5.13/3/B/1539/62753|14:56:52/5.12/55/S/28160/62726|14:56:49/5.12/337/S/172875/62709|14:56:46/5.12/80/S/40960/62700|14:56:40/5.13/1/B/513/62678,20190319153001,0.01,0.20,5.22,5.08,5.13/144618/74429907,144618,7443,0.70,17.68,5.22,5.08,2.73,105.68,105.68,1.41,5.63,4.61,0.96,209,5.15,20.32,16.93
莲花健康,600186,2.23,2.26,2.26,249993,86452,163540,2.23,15792,2.22,9931,2.21,2625,2.20,5527,2.19,2097,2.24,526,2.25,8037,2.26,14061,2.27,6736,2.28,4726,15:00:02/2.23/4058/S/904763/63645|14:57:01/2.23/1/S/223/62766|14:56:55/2.24/100/B/22400/62738|14:56:52/2.23/49/S/10927/62726|14:56:46/2.23/20/S/4460/62700|14:56:43/2.23/54/S/12046/62689,20190319153001,-0.03,-1.33,2.27,2.22,2.23/245935/55098723,249993,5600,2.35,-25.27,2.27,2.22,2.21,23.68,23.68,-36.26,2.49,2.03,0.44,1886,2.24,-17.86,-22.90
国中水务,600187,3.75,3.73,3.62,635698,296294,339400,3.75,1738,3.74,3274,3.73,5646,3.72,781,3.71,948,3.76,4269,3.77,6859,3.78,3907,3.79,3683,3.80,4387,15:00:00/3.75/10093/S/3784875/63637|14:57:01/3.75/33/B/12375/62766|14:56:58/3.75/81/S/30375/62753|14:56:55/3.74/954/S/357570/62738|14:56:52/3.75/687/S/258299/62726|14:56:49/3.75/96/S/36070/62709,20190319153001,0.02,0.54,3.84,3.61,3.75/635698/235851213,635698,23585,4.37,909.79,3.84,3.61,6.17,54.59,62.02,1.81,4.10,3.36,0.62,-10718,3.71,489.50,347.78
兖州煤业,600188,10.68,10.87,10.81,327280,108065,219201,10.68,1046,10.67,900,10.66,813,10.65,1039,10.64,249,10.69,1578,10.70,547,10.71,1858,10.72,698,10.73,782,15:00:02/10.68/3611/S/3856548/63645|14:56:58/10.69/55/S/58841/62753|14:56:52/10.69/582/S/622536/62726|14:56:40/10.69/10/S/10690/62678|14:56:37/10.70/85/B/90948/62667|14:56:34/10.70/805/B/861350/62651,20190319153001,-0.19,-1.75,10.88,10.60,10.69/323669/347094349,327280,35095,1.11,7.07,10.88,10.60,2.58,316.12,524.60,1.06,11.96,9.78,1.02,-1416,10.72,7.15,7.75
吉林森工,600189,4.85,4.85,4.87,45267,23047,22216,4.84,53,4.83,171,4.82,163,4.81,939,4.80,1102,4.85,1255,4.86,2122,4.87,578,4.88,1389,4.89,154,15:00:14/4.85/988/S/479180/63667|14:56:43/4.85/261/S/126900/62689|14:56:40/4.85/2/S/970/62678|14:56:34/4.85/4/S/1620/62651|14:56:22/4.85/3/S/1455/62594|14:56:16/4.85/501/B/242922/62566,20190319153001,0.00,0.00,4.87,4.79,4.85/45267/21830633,45267,2183,0.98,34.24,4.87,4.79,1.65,22.46,34.77,1.18,5.34,4.37,0.77,-3070,4.82,73.62,290.16
锦州港,600190,3.53,3.51,3.53,110004,62733,47270,3.52,3337,3.51,719,3.50,2195,3.49,2250,3.48,739,3.53,1593,3.54,1619,3.55,4337,3.56,1470,3.57,1441,15:00:02/3.53/1567/S/553151/63645|14:56:56/3.53/30/B/10590/62748|14:56:53/3.53/20/B/7060/62734|14:56:50/3.53/13/B/4589/62720|14:56:48/3.53/142/B/50126/62706|14:56:44/3.53/11/B/3883/62697,20190319153001,0.02,0.57,3.56,3.49,3.53/110004/38763915,110004,3876,0.62,40.98,3.56,3.49,1.99,62.82,70.68,1.16,3.86,3.16,0.74,-1220,3.52,46.16,49.39
华资实业,600191,5.30,5.39,5.38,119485,48666,70810,5.29,243,5.28,540,5.27,206,5.26,273,5.25,473,5.30,3936,5.31,457,5.32,589,5.33,313,5.34,150,15:00:14/5.30/1391/S/737230/63667|14:56:55/5.30/160/B/84800/62738|14:56:52/5.30/52/B/27560/62726|14:56:49/5.30/6/B/3180/62709|14:56:43/5.29/50/S/26450/62689|14:56:34/5.29/2/S/1058/62651,20190319153001,-0.09,-1.67,5.43,5.22,5.30/119485/63764881,119485,6376,2.46,-30.95,5.43,5.22,3.90,25.70,25.70,1.22,5.93,4.85,0.67,-3710,5.34,-31.70,215.09
长城电工,600192,7.78,7.22,7.06,437506,219696,217768,7.77,284,7.76,189,7.75,403,7.74,211,7.73,78,7.78,1384,7.79,1129,7.80,2284,7.81,793,7.82,733,15:00:00/7.78/8273/S/6436394/63637|14:57:01/7.79/201/S/156584/62766|14:56:58/7.80/476/B/370633/62753|14:56:55/7.79/251/S/195322/62738|14:56:52/7.78/415/S/323407/62726|14:56:49/7.79/363/B/282558/62709,20190319153001,0.56,7.76,7.94,7.01,7.78/437506/322683344,437506,32268,9.90,222.57,7.94,7.01,12.88,34.37,34.37,1.75,7.94,6.50,1.18,-5158,7.38,199.45,207.25
*ST创兴,600193,4.60,4.38,4.35,142843,76640,66199,4.59,397,4.58,567,4.57,256,4.56,136,4.55,79,4.60,6646,0.00,0,0.00,0,0.00,0,0.00,0,15:00:02/4.60/3055/S/1405300/63641|14:56:52/4.59/576/S/264384/62726|14:56:49/4.59/41/S/18819/62709|14:56:46/4.60/82/B/37715/62700|14:56:43/4.60/30/B/13800/62689|14:56:40/4.60/591/B/271710/62678,20190319153001,0.22,5.02,4.60,4.33,4.60/142843/63535648,142843,6354,3.36,63.09,4.60,4.33,6.16,19.57,19.57,9.73,4.60,4.16,1.78,-5211,4.45,63.09,63.09
中牧股份,600195,13.27,13.14,13.05,109738,45587,64132,13.27,1006,13.26,1149,13.25,1581,13.24,800,13.23,660,13.28,47,13.29,129,13.30,462,13.31,224,13.32,216,15:00:02/13.27/730/S/968710/63645|14:57:00/13.28/315/S/418320/62763|14:56:56/13.29/407/B/540903/62748|14:56:53/13.29/19/B/25251/62734|14:56:50/13.29/1/B/1329/62720|14:56:44/13.29/2/B/2658/62697,20190319153001,0.13,0.99,13.34,13.02,13.27/109738/144975341,109738,14498,1.82,16.81,13.34,13.02,2.44,79.85,79.85,2.04,14.45,11.83,0.81,4118,13.21,17.72,19.97
复星医药,600196,30.14,30.62,30.66,397856,169123,228649,30.13,2097,30.12,270,30.11,117,30.10,472,30.09,302,30.14,760,30.15,644,30.16,347,30.17,105,30.18,924,15:00:02/30.14/4442/S/13388188/63645|14:56:59/30.13/52/B/156645/62760|14:56:56/30.12/78/S/234969/62744|14:56:53/30.13/30/B/90372/62730|14:56:50/30.12/32/S/96391/62715|14:56:47/30.12/87/B/262044/62703,20190319153001,-0.48,-1.57,30.76,29.81,30.14/397856/1197513978,397856,119751,2.08,27.60,30.76,29.81,3.10,575.74,772.51,2.71,33.68,27.56,0.81,478,30.10,27.67,24.72
伊力特,600197,19.43,20.10,20.16,132283,51233,80980,19.43,379,19.42,54,19.41,3,19.40,107,19.39,77,19.44,181,19.45,194,19.46,1,19.48,20,19.49,404,15:00:02/19.43/1432/S/2782473/63641|14:57:02/19.43/10/S/19431/62770|14:56:58/19.43/9/S/17489/62753|14:56:55/19.43/13/S/25259/62738|14:56:52/19.44/8/B/15544/62726|14:56:49/19.43/268/B/520593/62709,20190319153001,-0.67,-3.33,20.25,19.34,19.43/132283/259010411,132283,25901,3.00,22.17,20.25,19.34,4.53,85.69,85.69,3.64,22.11,18.09,0.71,-180,19.57,22.19,24.25
*ST大唐,600198,10.56,10.08,10.15,212270,108482,103761,10.55,1668,10.54,298,10.53,170,10.52,295,10.51,23,10.56,844,10.57,2571,10.58,13279,0.00,0,0.00,0,15:00:02/10.56/3863/S/4079328/63645|14:57:03/10.56/11/B/11616/62774|14:56:59/10.56/57/B/60182/62760|14:56:56/10.55/20/B/21086/62744|14:56:53/10.55/74/M/78120/62730|14:56:50/10.56/449/B/473938/62715,20190319153001,0.48,4.76,10.56,10.05,10.56/212270/218361496,212270,21836,2.43,-4.93,10.56,10.05,5.06,92.43,93.15,-74.58,10.58,9.58,0.89,-14240,10.29,27.69,-3.52
金种子酒,600199,7.13,6.48,7.13,864782,268225,596542,7.13,49084,7.12,3276,7.11,59,7.10,516,7.09,78,0.00,0,0.00,0,0.00,0,0.00,0,0.00,0,15:00:02/7.13/218/S/155434/63645|14:56:05/7.13/5/S/3565/62524|14:56:04/7.13/38/S/27094/62510|14:55:22/7.13/30/S/21390/62319|14:55:17/7.13/4/S/2852/62305|14:54:58/7.13/15/S/10695/62219,20190319153001,0.65,10.03,7.13,6.92,7.13/864564/613328084,864782,61348,15.56,819.77,7.13,6.92,3.24,39.63,39.63,1.77,7.13,5.83,4.47,53013,7.09,1829.25,483.85
江苏吴中,600200,8.23,8.23,8.21,95995,39665,56326,8.22,1405,8.21,701,8.20,301,8.19,102,8.18,211,8.23,897,8.24,209,8.25,634,8.26,178,8.27,443,15:00:14/8.23/591/S/486393/63667|14:57:01/8.23/16/B/13168/62766|14:56:58/8.22/4/S/3288/62753|14:56:55/8.22/2/S/1644/62738|14:56:52/8.22/5/S/4110/62726|14:56:46/8.22/106/B/87132/62700,20190319153001,0.00,0.00,8.34,8.14,8.23/95404/78467066,95995,7895,1.34,40.52,8.34,8.14,2.43,58.87,59.41,2.06,9.05,7.41,0.54,359,8.22,38.70,44.64
生物股份,600201,16.90,16.90,17.04,256326,121503,134764,16.89,731,16.88,475,16.87,292,16.86,505,16.85,733,16.90,189,16.91,213,16.92,190,16.93,174,16.94,88,15:00:02/16.90/1569/S/2651610/63645|14:57:00/16.89/23/B/38844/62763|14:56:56/16.89/19/B/32091/62748|14:56:53/16.89/76/B/128362/62734|14:56:50/16.89/453/B/765058/62720|14:56:48/16.89/20/B/33780/62706,20190319153001,0.00,0.00,17.25,16.82,16.89/254757/434720799,256326,43737,2.28,22.57,17.25,16.82,2.54,190.33,195.98,3.88,18.59,15.21,0.92,1882,17.06,21.58,22.52
*ST哈空,600202,5.19,4.99,5.09,96451,46012,50438,5.19,48,5.18,54,5.17,74,5.16,52,5.15,410,5.20,1262,5.21,447,5.22,1088,5.23,2538,5.24,11804,15:00:02/5.19/272/S/141168/63645|14:57:00/5.18/20/S/10360/62763|14:56:56/5.19/2/S/1038/62748|14:56:53/5.19/9/B/4671/62734|14:56:48/5.19/10/B/5190/62706|14:56:39/5.19/5/B/2595/62674,20190319153001,0.20,4.01,5.24,5.02,5.19/96451/49616164,96451,4962,2.52,95.47,5.24,5.02,4.41,19.90,19.90,3.28,5.24,4.74,1.29,-16501,5.15,95.47,95.47
福日电子,600203,6.15,6.07,6.05,136178,69357,66816,6.15,344,6.14,160,6.13,139,6.12,364,6.11,647,6.16,288,6.17,417,6.18,333,6.19,454,6.20,1177,15:00:04/6.15/1969/S/1210935/63647|14:57:00/6.14/2/S/1228/62763|14:56:56/6.14/2/S/1228/62748|14:56:50/6.15/229/B/140823/62720|14:56:48/6.14/329/S/202331/62706|14:56:44/6.14/52/S/31928/62697,20190319153001,0.08,1.32,6.21,5.97,6.14/134209/81844763,136178,8306,3.68,-19.12,6.21,5.97,3.95,22.77,28.07,1.38,6.68,5.46,0.79,-1015,6.10,106.46,-24.94
有研新材,600206,9.24,9.03,9.16,316565,163159,153387,9.24,518,9.23,538,9.22,122,9.21,10,9.20,179,9.25,945,9.26,559,9.27,633,9.28,825,9.29,1501,15:00:04/9.24/3559/S/3288516/63647|14:57:00/9.24/7/S/6473/62763|14:56:56/9.24/131/B/121044/62748|14:56:53/9.25/20/B/18483/62734|14:56:50/9.25/222/B/205061/62720|14:56:48/9.24/25/S/23100/62706,20190319153001,0.21,2.33,9.34,9.00,9.24/313006/286915849,316565,29020,3.77,99.12,9.34,9.00,3.77,77.50,78.27,2.66,9.93,8.13,0.80,-3096,9.17,99.12,99.12
安彩高科,600207,5.73,5.49,5.45,190936,94514,96416,5.72,589,5.71,102,5.70,75,5.69,786,5.68,199,5.73,1107,5.74,842,5.75,1589,5.76,409,5.77,254,15:00:02/5.73/4191/S/2401443/63645|14:57:00/5.72/162/M/92808/62763|14:56:56/5.73/325/B/185912/62748|14:56:53/5.73/80/B/45796/62734|14:56:50/5.73/157/B/89833/62720|14:56:48/5.73/121/B/69237/62706,20190319153001,0.24,4.37,5.85,5.40,5.72/186745/104111944,190936,10651,2.77,-464.62,5.85,5.40,8.20,39.54,49.45,2.63,6.04,4.94,0.78,-2450,5.58,-141.67,544.78
新湖中宝,600208,3.83,3.87,3.94,804822,362659,442158,3.82,1808,3.81,2959,3.80,9076,3.79,3412,3.78,1998,3.83,274,3.84,2655,3.85,4403,3.86,1313,3.87,1109,15:00:04/3.83/9559/S/3661097/63647|14:57:04/3.83/11/B/4212/62779|14:57:00/3.82/4/S/1528/62763|14:56:56/3.82/4/S/1528/62748|14:56:53/3.82/4/S/1528/62734|14:56:50/3.83/256/B/97912/62720,20190319153001,-0.04,-1.03,4.01,3.79,3.83/795263/309760391,804822,31342,0.94,9.80,4.01,3.79,5.68,329.31,329.35,1.00,4.26,3.48,0.95,9499,3.90,13.95,9.91
*ST罗顿,600209,4.52,4.40,4.44,61753,30568,31184,4.51,530,4.50,542,4.49,520,4.48,76,4.47,224,4.52,550,4.53,507,4.54,506,4.55,1018,4.56,698,15:00:02/4.52/699/S/315948/63641|14:56:49/4.52/17/B/7684/62709|14:56:37/4.52/16/B/7232/62667|14:56:34/4.52/30/B/13560/62651|14:56:31/4.52/2/B/904/62637|14:56:22/4.51/407/S/183915/62594,20190319153001,0.12,2.73,4.52,4.39,4.52/61753/27542857,61753,2754,1.41,-40.26,4.52,4.39,2.95,19.84,19.84,3.35,4.62,4.18,0.71,-1387,4.46,-55.31,-43.51
紫江企业,600210,4.78,4.76,4.71,742767,312905,429854,4.77,1717,4.76,2822,4.75,2132,4.74,1529,4.73,914,4.78,276,4.79,3059,4.80,5797,4.81,1034,4.82,4947,15:00:02/4.78/10228/S/4888984/63645|14:57:00/4.78/209/S/100038/62763|14:56:56/4.79/10/B/4790/62748|14:56:53/4.79/50/B/23950/62734|14:56:50/4.79/425/B/203575/62720|14:56:48/4.78/72/S/34476/62706,20190319153001,0.02,0.42,4.90,4.63,4.78/732539/349247643,742767,35414,4.90,26.21,4.90,4.63,5.67,72.50,72.50,1.64,5.24,4.28,0.50,-5999,4.77,13.91,13.07
西藏药业,600211,40.00,39.79,40.22,50773,22827,27888,40.00,113,39.97,13,39.95,94,39.91,5,39.90,63,40.02,16,40.04,15,40.05,144,40.08,1,40.10,11,15:00:02/40.00/627/S/2508000/63641|14:56:58/39.95/13/S/51938/62753|14:56:55/39.90/1/S/3990/62738|14:56:52/39.95/1/S/3995/62726|14:56:49/39.99/5/B/19990/62709|14:56:46/39.95/10/B/39950/62700,20190319153001,0.21,0.53,41.74,38.12,40.00/50773/204108917,50773,20411,3.49,33.32,41.74,38.12,9.10,58.24,71.85,3.19,43.77,35.81,0.87,101,40.19,33.32,33.32
江泉实业,600212,4.88,4.84,4.83,182705,85192,97507,4.88,181,4.87,902,4.86,570,4.85,1096,4.84,1891,4.89,1695,4.90,2331,4.91,703,4.92,1023,4.93,1819,15:00:02/4.88/1549/S/755912/63645|14:57:01/4.88/31/S/15128/62766|14:56:51/4.88/13/S/6344/62723|14:56:46/4.87/348/S/169526/62700|14:56:40/4.87/22/S/10714/62678|14:56:37/4.88/175/B/85400/62667,20190319153001,0.04,0.83,5.07,4.81,4.88/182705/89977215,182705,8998,3.57,-62.49,5.07,4.81,5.37,24.97,24.97,3.43,5.32,4.36,0.82,-2931,4.92,-68.47,198.41
亚星客车,600213,7.82,7.88,7.80,48643,19209,29427,7.81,273,7.80,95,7.79,38,7.78,471,7.77,172,7.82,108,7.83,307,7.84,53,7.85,273,7.86,45,15:00:02/7.82/236/S/184552/63645|14:56:59/7.78/424/S/330272/62760|14:56:56/7.79/3/B/2337/62744|14:56:53/7.78/7/S/5446/62730|14:56:50/7.78/12/S/9336/62715|14:56:47/7.78/77/S/59906/62703,20190319153001,-0.06,-0.76,7.87,7.71,7.82/48643/37825852,48643,3783,2.21,45.87,7.87,7.71,2.03,17.20,17.20,8.83,8.67,7.09,0.78,263,7.78,67.03,40.18
长春经开,600215,8.90,8.95,8.95,50055,17183,32866,8.90,92,8.89,50,8.88,938,8.87,120,8.86,349,8.91,218,8.92,234,8.93,157,8.94,103,8.95,128,15:00:04/8.90/424/S/377360/63647|14:56:56/8.90/8/B/7120/62748|14:56:48/8.88/13/S/11544/62706|14:56:42/8.90/200/B/178000/62685|14:56:32/8.88/5/S/4440/62648|14:56:30/8.90/50/B/44500/62632,20190319153001,-0.05,-0.56,9.08,8.83,8.90/50055/44679329,50055,4468,1.08,54.44,9.08,8.83,2.79,41.39,41.39,1.65,9.85,8.06,0.43,709,8.92,41.16,458.24
浙江医药,600216,11.15,11.24,11.10,367548,158670,208840,11.15,170,11.14,865,11.13,123,11.12,71,11.11,80,11.16,816,11.17,869,11.18,666,11.19,583,11.20,819,15:00:00/11.15/3398/S/3788770/63637|14:57:01/11.15/21/B/23399/62766|14:56:58/11.15/100/B/111500/62753|14:56:55/11.15/20/B/22300/62738|14:56:49/11.14/5/S/5570/62709|14:56:43/11.15/163/S/181746/62689,20190319153001,-0.09,-0.80,11.26,10.96,11.15/367548/408401613,367548,40840,3.84,16.92,11.26,10.96,2.67,106.59,107.63,1.39,12.36,10.12,0.99,-2444,11.11,15.69,42.52
中再资环,600217,5.65,5.50,5.57,98199,53520,44671,5.64,677,5.63,159,5.62,78,5.61,23,5.60,373,5.65,753,5.66,500,5.67,1610,5.68,894,5.69,2025,15:00:14/5.65/1059/S/598335/63667|14:57:01/5.64/4/B/2256/62766|14:56:58/5.63/61/S/34351/62753|14:56:55/5.64/4/B/2256/62738|14:56:52/5.64/123/B/69372/62726|14:56:46/5.64/24/B/13536/62700,20190319153001,0.15,2.73,5.78,5.56,5.65/98199/55708652,98199,5571,0.74,28.45,5.78,5.56,4.00,74.52,78.46,4.15,6.05,4.95,0.92,-4472,5.68,28.36,36.06
全柴动力,600218,12.95,13.28,12.55,525828,244545,281192,12.95,442,12.94,1165,12.93,262,12.92,424,12.91,544,12.96,2120,12.97,333,12.98,1089,12.99,582,13.00,1361,15:00:02/12.95/10150/S/13144250/63645|14:57:03/12.96/42/S/54432/62774|14:56:59/12.97/364/B/471991/62760|14:56:56/12.96/305/B/395254/62744|14:56:53/12.96/387/B/501274/62730|14:56:50/12.96/88/B/114494/62715,20190319153001,-0.33,-2.48,13.30,12.50,12.95/525828/675486254,525828,67549,14.26,153.38,13.30,12.50,6.02,47.75,47.75,2.47,14.61,11.95,0.67,-2648,12.85,97.56,77.67
南山铝业,600219,2.74,2.76,2.78,864310,346715,517595,2.74,16109,2.73,17115,2.72,35780,2.71,14424,2.70,22966,2.75,18886,2.76,36497,2.77,36573,2.78,35232,2.79,33435,15:00:02/2.74/2602/S/712976/63641|14:56:58/2.75/106/B/29150/62753|14:56:52/2.74/59/S/16111/62726|14:56:49/2.74/30/S/8220/62709|14:56:46/2.74/5/S/1370/62700|14:56:43/2.74/21/S/5770/62689,20190319153001,-0.02,-0.72,2.79,2.72,2.74/864310/238111253,864310,23811,0.88,19.42,2.79,2.72,2.54,268.17,327.44,0.86,3.04,2.48,0.56,-54229,2.76,17.59,20.32
江苏阳光,600220,3.15,3.12,3.12,328328,141807,186519,3.14,5978,3.13,1968,3.12,2244,3.11,527,3.10,1492,3.15,3958,3.16,1563,3.17,1833,3.18,2012,3.19,2218,15:00:02/3.15/15749/S/4960935/63645|14:57:00/3.14/1239/S/389008/62763|14:56:56/3.14/53/S/16642/62748|14:56:53/3.14/918/S/288252/62734|14:56:50/3.14/561/B/176209/62720|14:56:48/3.14/294/S/92570/62706,20190319153001,0.03,0.96,3.15,3.06,3.14/312579/96592862,328328,10155,1.84,41.64,3.15,3.06,2.88,56.18,56.18,2.61,3.43,2.81,0.46,625,3.09,45.66,46.43
海航控股,600221,2.29,2.28,2.28,1288323,638260,650063,2.28,37919,2.27,55964,2.26,22999,2.25,24371,2.24,19309,2.29,14401,2.30,56748,2.31,55120,2.32,65081,2.33,47610,15:00:02/2.29/7282/S/1667578/63645|14:57:01/2.29/257/B/58853/62766|14:56:58/2.29/428/B/98012/62753|14:56:55/2.29/794/B/181826/62738|14:56:52/2.29/293/B/67097/62726|14:56:49/2.29/363/B/83127/62709,20190319153001,0.01,0.44,2.32,2.27,2.29/1288323/295253814,1288323,29525,0.78,29.74,2.32,2.27,2.19,376.38,384.86,0.74,2.51,2.05,0.75,-78398,2.29,39.60,11.58
太龙药业,600222,4.72,4.79,4.81,88028,39300,48723,4.71,794,4.70,910,4.69,369,4.68,360,4.67,100,4.72,58,4.73,595,4.74,270,4.75,824,4.76,712,15:00:14/4.72/455/S/214760/63667|14:56:52/4.71/40/S/18842/62726|14:56:46/4.71/18/S/8478/62700|14:56:40/4.72/7/S/3304/62678|14:56:34/4.72/13/B/6136/62651|14:56:26/4.72/2/B/944/62622,20190319153001,-0.07,-1.46,4.82,4.68,4.72/88028/41832182,88028,4183,1.55,339.32,4.82,4.68,2.92,26.76,27.09,1.82,5.27,4.31,1.00,74,4.75,359.78,528.31
鲁商置业,600223,3.88,3.83,3.86,78476,34630,43840,3.87,315,3.86,1894,3.85,1076,3.84,130,3.83,418,3.88,950,3.89,1012,3.90,7032,3.91,1340,3.92,978,15:00:02/3.88/588/S/228144/63645|14:57:00/3.87/8/S/3096/62763|14:56:56/3.87/8/S/3096/62748|14:56:53/3.87/121/S/46837/62734|14:56:50/3.88/17/B/6584/62720|14:56:44/3.88/2/B/776/62697,20190319153001,0.05,1.31,3.96,3.84,3.88/78476/30541759,78476,3054,0.78,33.68,3.96,3.84,3.13,38.84,38.84,1.60,4.21,3.45,0.77,-7479,3.89,29.82,36.86
天津松江,600225,3.94,3.83,3.84,256418,120120,136292,3.94,370,3.93,761,3.92,393,3.91,1196,3.90,1867,3.95,948,3.96,1587,3.97,450,3.98,1417,3.99,2075,15:00:04/3.94/3422/S/1348268/63647|14:57:00/3.95/204/B/80580/62763|14:56:53/3.95/17/B/6715/62734|14:56:50/3.95/2/B/790/62720|14:56:48/3.95/52/B/20540/62706|14:56:44/3.95/201/B/79211/62697,20190319153001,0.11,2.87,4.10,3.84,3.95/252996/100468026,256418,10182,2.75,-8.02,4.10,3.84,6.79,36.75,36.86,2.71,4.21,3.45,0.97,-1890,3.97,-10.50,18.45
瀚叶股份,600226,4.36,4.48,4.35,1172482,466805,705657,4.36,6053,4.35,3866,4.34,7605,4.33,3721,4.32,5700,4.37,4436,4.38,9641,4.39,4599,4.40,8000,4.41,3507,15:00:02/4.36/16940/S/7386088/63641|14:57:02/4.36/626/B/272358/62770|14:56:58/4.35/88/S/38287/62753|14:56:55/4.35/1141/S/497167/62738|14:56:52/4.35/734/S/319546/62726|14:56:49/4.35/359/S/156215/62709,20190319153001,-0.12,-2.68,4.44,4.28,4.36/1172482/510451003,1172482,51045,5.88,53.75,4.44,4.28,3.57,86.89,136.84,3.10,4.93,4.03,0.44,-3238,4.36,48.19,52.39
圣济堂,600227,4.13,4.25,4.25,428119,152160,275956,4.13,2417,4.12,4521,4.11,6504,4.10,6231,4.09,2602,4.14,2660,4.15,5521,4.16,952,4.17,1753,4.18,3235,15:00:14/4.13/5248/S/2167424/63667|14:56:58/4.13/105/B/43365/62753|14:56:55/4.13/24/B/9890/62738|14:56:52/4.12/1210/S/499660/62726|14:56:49/4.13/276/B/113988/62709|14:56:46/4.13/14/B/5782/62700,20190319153001,-0.12,-2.82,4.25,4.10,4.13/422871/175514047,428119,17768,3.44,27.68,4.25,4.10,3.53,51.44,69.93,1.48,4.68,3.83,0.54,8154,4.15,27.66,182.78
ST昌九,600228,7.93,7.99,7.99,12003,4692,7311,7.93,212,7.91,17,7.90,92,7.89,332,7.88,15,7.94,102,7.95,63,7.96,37,7.98,74,7.99,160,15:00:02/7.93/212/S/168116/63645|14:56:46/7.93/45/S/35685/62700|14:56:34/7.93/10/S/7930/62651|14:56:25/7.93/150/S/118950/62607|14:54:37/7.94/3/B/2382/62138|14:54:34/7.93/3/S/2379/62126,20190319153001,-0.06,-0.75,8.05,7.87,7.93/12003/9527753,12003,953,0.50,35.01,8.05,7.87,2.25,19.14,19.14,31.27,8.39,7.59,0.49,232,7.94,175.60,73.23
城市传媒,600229,8.93,9.00,9.02,64543,23427,41114,8.92,10,8.91,9,8.90,231,8.89,67,8.88,194,8.93,5,8.94,116,8.95,192,8.96,327,8.97,176,15:00:02/8.93/894/S/798342/63645|14:56:46/8.91/20/B/17820/62700|14:56:43/8.90/421/S/374690/62689|14:56:40/8.91/4/B/3564/62678|14:56:34/8.91/3/S/2673/62651|14:56:26/8.91/27/B/24057/62622,20190319153001,-0.07,-0.78,9.02,8.80,8.91/63649/56733977,64543,5753,0.92,18.49,9.02,8.80,2.44,62.70,62.70,2.61,9.90,8.10,0.41,-305,8.91,24.53,19.04
沧州大化,600230,21.25,21.49,21.49,172432,72999,99379,21.25,401,21.24,335,21.23,131,21.22,214,21.21,169,21.26,134,21.27,72,21.28,114,21.29,145,21.30,467,15:00:02/21.25/1238/S/2629284/63645|14:57:00/21.25/180/B/382488/62763|14:56:56/21.24/1/B/2124/62748|14:56:53/21.24/2/B/4248/62734|14:56:50/21.23/65/S/138040/62720|14:56:48/21.24/35/S/74340/62706,20190319153001,-0.24,-1.12,21.65,21.08,21.25/171194/364938755,172432,36757,4.19,6.50,21.65,21.08,2.65,87.52,87.52,2.42,23.64,19.34,0.96,318,21.32,6.38,6.82
凌钢股份,600231,3.45,3.51,3.52,365889,148775,217114,3.45,1899,3.44,9179,3.43,14695,3.42,6949,3.41,5283,3.46,4868,3.47,7902,3.48,4997,3.49,1492,3.50,3195,15:00:14/3.45/2772/S/956340/63667|14:57:01/3.45/10/B/3450/62766|14:56:58/3.45/66/B/22770/62753|14:56:52/3.45/10/B/3450/62726|14:56:49/3.45/25/B/8625/62709|14:56:46/3.45/14/B/4830/62700,20190319153001,-0.06,-1.71,3.52,3.43,3.45/365889/126375399,365889,12638,1.32,7.98,3.52,3.43,2.56,95.60,95.60,1.28,3.86,3.16,0.97,15551,3.45,7.98,7.98
金鹰股份,600232,6.15,6.05,6.05,99217,45020,54186,6.15,232,6.14,297,6.13,377,6.12,197,6.11,132,6.16,88,6.17,232,6.18,705,6.19,892,6.20,1163,15:00:02/6.15/1284/S/789666/63645|14:57:00/6.15/60/B/36900/62763|14:56:56/6.15/30/B/18425/62748|14:56:50/6.15/39/B/23975/62720|14:56:44/6.14/11/S/6754/62697|14:56:35/6.15/23/B/14136/62661,20190319153001,0.10,1.65,6.34,5.90,6.15/97933/59187780,99217,5998,2.72,71.19,6.34,5.90,7.27,22.43,22.43,1.94,6.66,5.45,1.05,-1845,6.05,65.88,88.83
圆通速递,600233,13.45,13.05,13.45,143807,76556,67211,13.43,15,13.42,209,13.41,194,13.40,604,13.39,20,13.45,592,13.46,137,13.47,39,13.48,169,13.49,201,15:00:02/13.45/1202/S/1616690/63645|14:57:00/13.42/8/S/10736/62763|14:56:56/13.43/27/B/36261/62748|14:56:53/13.43/6/B/8058/62734|14:56:48/13.43/2/B/2686/62706|14:56:44/13.43/30/B/40290/62697,20190319153001,0.40,3.07,13.67,13.20,13.45/143807/193368045,143807,19337,1.84,23.21,13.67,13.20,3.60,105.36,380.43,3.70,14.36,11.75,1.38,-96,13.45,22.75,26.37
ST山水,600234,7.40,7.35,7.34,9225,5143,4080,7.40,79,7.39,62,7.38,215,7.37,10,7.36,102,7.41,34,7.42,32,7.43,120,7.44,960,7.45,22,15:00:02/7.40/66/S/48840/63645|14:56:43/7.41/5/S/3705/62693|14:56:38/7.41/30/S/22230/62671|14:56:17/7.41/10/B/7410/62570|14:55:43/7.41/100/B/74100/62420|14:55:29/7.40/102/B/75478/62349,20190319153001,0.05,0.68,7.42,7.33,7.40/9225/6804176,9225,680,0.46,-84.19,7.42,7.33,1.22,14.98,14.98,21.73,7.72,6.98,1.13,-700,7.38,-419.83,-58.79
民丰特纸,600235,7.50,7.59,7.51,322181,157155,165008,7.50,3379,7.49,726,7.48,1684,7.47,1194,7.46,762,7.51,354,7.52,258,7.53,194,7.54,280,7.55,187,15:00:14/7.50/5029/S/3771750/63667|14:57:01/7.50/10/S/7500/62766|14:56:58/7.50/18/S/13513/62753|14:56:55/7.50/433/B/324750/62738|14:56:52/7.50/24/B/17981/62726|14:56:49/7.50/48/B/35980/62709,20190319153001,-0.09,-1.19,7.80,7.45,7.50/317152/241667615,322181,24544,9.17,118.70,7.80,7.45,4.61,26.35,26.35,2.04,8.35,6.83,0.56,6472,7.62,104.56,137.17
桂冠电力,600236,5.87,5.81,5.83,116969,72154,44806,5.86,1748,5.85,1601,5.84,4548,5.83,669,5.82,1112,5.87,1322,5.88,2602,5.89,2242,5.90,3347,5.91,2257,15:00:02/5.87/1119/S/656853/63645|14:57:00/5.86/10/S/5860/62763|14:56:53/5.86/18/S/10548/62734|14:56:50/5.87/14/B/8218/62720|14:56:48/5.86/180/S/105480/62706|14:56:30/5.87/8/B/4696/62632,20190319153001,0.06,1.03,5.90,5.79,5.87/116969/68521271,116969,6852,0.19,13.22,5.90,5.79,1.89,355.92,355.92,2.60,6.39,5.23,1.08,-2092,5.86,13.26,14.18
铜峰电子,600237,4.57,4.50,4.50,145002,80731,64266,4.57,1841,4.56,1286,4.55,1974,4.54,357,4.53,2086,4.58,1935,4.59,1469,4.60,1734,4.61,724,4.62,1125,15:00:02/4.57/1005/S/459285/63645|14:57:00/4.57/100/S/45700/62763|14:56:56/4.58/178/B/81408/62748|14:56:53/4.58/3/B/1374/62734|14:56:35/4.57/66/S/30162/62661|14:56:24/4.57/5/S/2285/62602,20190319153001,0.07,1.56,4.60,4.47,4.57/143997/65389267,145002,6585,2.57,267.04,4.60,4.47,2.89,25.79,25.79,2.08,4.95,4.05,0.64,557,4.54,451.43,183.68
*ST椰岛,600238,9.40,9.89,9.92,60704,14671,46033,0.00,0,0.00,0,0.00,0,0.00,0,0.00,0,9.40,6175,9.45,57,9.46,10,9.47,40,9.48,97,15:00:14/9.40/235/S/220900/63667|14:56:46/9.40/1/B/940/62700|14:56:25/9.40/5/B/4700/62607|14:56:22/9.40/15/B/14100/62594|14:56:04/9.40/20/B/18800/62510|14:56:01/9.40/1/B/940/62495,20190319153001,-0.49,-4.95,10.20,9.40,9.40/60704/58582879,60704,5858,1.36,-15.46,10.20,9.40,8.09,41.83,42.13,7.08,10.38,9.40,1.21,-6379,9.66,-19.40,-39.69
云南城投,600239,3.77,3.78,3.78,168699,75138,93556,3.76,1663,3.75,1290,3.74,1566,3.73,1405,3.72,2521,3.77,1180,3.78,2816,3.79,1589,3.80,2305,3.81,5020,15:00:02/3.77/2406/S/907062/63645|14:56:59/3.77/4/B/1508/62760|14:56:56/3.77/15/B/5655/62744|14:56:53/3.77/2/B/754/62730|14:56:50/3.77/852/B/321204/62715|14:56:47/3.77/12/B/4524/62703,20190319153001,-0.01,-0.26,3.83,3.73,3.77/168699/63632694,168699,6363,1.05,6.98,3.83,3.73,2.65,60.53,60.53,1.24,4.16,3.40,0.73,-4465,3.77,19.95,22.93
华业资本,600240,3.39,3.46,3.44,630238,261283,368951,3.38,5363,3.37,5004,3.36,4731,3.35,3478,3.34,3477,3.39,2925,3.40,7212,3.41,5194,3.42,5434,3.43,3152,15:00:04/3.39/8141/S/2759799/63647|14:57:00/3.39/165/B/55935/62763|14:56:56/3.39/871/B/295168/62748|14:56:53/3.39/41/B/13899/62734|14:56:50/3.39/11/B/3728/62720|14:56:48/3.39/205/B/69295/62706,20190319153001,-0.07,-2.02,3.47,3.34,3.39/622097/211983757,630238,21474,4.43,-108.64,3.47,3.34,3.76,48.28,48.28,0.74,3.81,3.11,0.71,-1864,3.41,-26.72,4.84
时代万恒,600241,7.13,7.30,7.20,27415,10445,16963,7.13,60,7.12,448,7.11,212,7.10,252,7.09,55,7.14,19,7.15,21,7.16,82,7.17,61,7.18,51,15:00:02/7.13/176/S/126158/63641|14:56:58/7.14/8/B/5719/62753|14:56:49/7.13/20/S/14260/62709|14:56:40/7.13/13/S/9272/62678|14:56:26/7.13/14/S/9982/62622|14:56:16/7.13/14/S/9989/62566,20190319153001,-0.17,-2.33,7.27,7.02,7.13/27415/19564537,27415,1956,1.09,-70.52,7.27,7.02,3.42,17.94,20.98,1.49,8.03,6.57,0.83,793,7.14,-49.42,107.59
