股票名字,代码,当前价格,昨日收盘价,今日开盘价,成交的股票数,外盘,内盘,买一报价,买一数量,买二报价,买二数量,买三报价,买三数量,买四报价,买四数量,买五报价,买五数量,卖一报价,卖一数量,卖二报价,卖二数量,卖三报价,卖三数量,卖四报价,卖四数量,卖五报价,卖五数量,最近逐笔成交,时间,涨跌,涨跌%,今日最高价,今日最低价,价格/成交量(手)/成交额,成交量(手),成交金额,换手率(%),市盈率,最高,最低,振幅(%),流通市值(亿),总市值(亿),市净率,涨停价,跌停价,量比,委差,平均成本,PE(动)
浦发银行,600000,11.55,11.55,11.52,273254,142909,130322,11.55,469,11.54,3585,11.53,865,11.52,864,11.51,1249,11.56,1222,11.57,3513,11.58,2213,11.59,1915,11.60,2087,15:00:04/11.55/4525/S/5226271/50049|14:56:57/11.56/41/B/47396/49351|14:56:51/11.55/54/S/62370/49331|14:56:48/11.55/12/S/13862/49324|14:56:45/11.56/17/B/19652/49313|14:56:42/11.55/19/S/21945/49303,20190320153003,0.00,0.00,11.64,11.49,11.56/268729/310360937,273254,31559,0.10,6.10,11.64,11.49,1.30,3245.98,3390.17,0.80,12.71,10.40,0.76,-3918,11.55,5.88,6.25
白云机场,600004,14.07,13.99,13.99,135418,66100,69254,14.07,331,14.06,528,14.05,242,14.04,26,14.03,216,14.08,68,14.09,378,14.10,543,14.11,235,14.12,570,15:00:13/14.07/340/S/478380/50069|14:57:00/14.06/5/M/7030/49361|14:56:57/14.07/15/B/21105/49351|14:56:54/14.07/30/M/42210/49342|14:56:51/14.07/21/B/29537/49331|14:56:48/14.05/8/S/11240/49324,20190320153003,0.08,0.57,14.12,13.80,14.06/135078/188609263,135418,18909,0.65,21.76,14.12,13.80,2.29,291.15,291.15,1.85,15.39,12.59,0.79,-451,13.96,23.77,18.25
东风汽车,600006,4.48,4.45,4.46,155095,75217,79876,4.47,2567,4.46,1383,4.45,1422,4.44,693,4.43,653,4.48,5000,4.49,1688,4.50,1705,4.51,2465,4.52,2581,15:00:04/4.48/1376/S/616448/50049|14:57:00/4.48/318/B/142460/49361|14:56:57/4.47/4/S/1788/49351|14:56:54/4.47/8/S/3576/49342|14:56:51/4.47/6/S/2682/49331|14:56:48/4.47/31/S/13857/49324,20190320153003,0.03,0.67,4.53,4.41,4.48/153719/68695081,155095,6931,0.78,17.95,4.53,4.41,2.70,89.60,89.60,1.27,4.90,4.01,0.89,-6721,4.47,16.24,44.64
中国国贸,600007,14.63,14.33,14.47,41435,21806,19622,14.62,238,14.61,176,14.60,100,14.59,10,14.58,44,14.63,456,14.64,170,14.65,126,14.66,123,14.67,71,15:00:04/14.63/439/S/642257/50049|14:56:54/14.62/5/B/7310/49342|14:56:48/14.62/100/B/146200/49324|14:56:45/14.61/2/S/2922/49313|14:56:39/14.61/48/S/70128/49291|14:56:36/14.61/7/S/10227/49281,20190320153003,0.30,2.09,14.64,14.26,14.62/40996/59339261,41435,5998,0.41,19.71,14.64,14.26,2.65,147.37,147.37,2.19,15.76,12.90,1.50,-378,14.48,18.74,23.21
首创股份,600008,4.16,4.16,4.16,348883,132479,216398,4.15,1468,4.14,4624,4.13,3128,4.12,1799,4.11,859,4.16,1224,4.17,4232,4.18,5682,4.19,2906,4.20,6749,15:00:13/4.16/11315/S/4707040/50069|14:57:00/4.15/24/B/9960/49361|14:56:57/4.15/10/B/4150/49351|14:56:48/4.15/86/B/35666/49324|14:56:45/4.14/16/S/6625/49313|14:56:42/4.15/171/B/70965/49303,20190320153003,0.00,0.00,4.17,4.05,4.15/337568/138943785,348883,14365,0.72,38.27,4.17,4.05,2.88,200.54,236.51,2.14,4.58,3.74,0.68,-8915,4.11,41.33,38.65
上海机场,600009,58.03,58.90,59.01,47896,19434,28372,58.03,228,58.02,85,58.01,48,58.00,273,57.98,32,58.04,2,58.05,21,58.06,23,58.07,13,58.08,40,15:00:13/58.03/542/S/3145806/50069|14:57:00/58.05/3/B/17880/49361|14:56:54/58.05/7/B/40633/49342|14:56:51/58.04/16/S/92632/49331|14:56:45/58.04/9/S/52236/49313|14:56:42/58.04/5/S/29020/49303,20190320153003,-0.87,-1.48,59.01,57.80,58.05/47354/275539902,47896,27869,0.44,26.42,59.01,57.80,2.05,634.54,1118.21,4.12,64.79,53.01,0.65,567,58.19,26.42,26.42
包钢股份,600010,1.91,1.92,1.92,3188083,1160004,2028079,1.90,124529,1.89,113258,1.88,175359,1.87,59864,1.86,75707,1.91,74286,1.92,181208,1.93,179756,1.94,99639,1.95,147819,15:00:04/1.91/45504/S/8691264/50049|14:57:00/1.91/70/B/13369/49361|14:56:57/1.91/651/B/124340/49351|14:56:54/1.91/2159/B/412369/49342|14:56:51/1.91/474/B/90424/49331|14:56:48/1.91/152/B/29032/49324,20190320153003,-0.01,-0.52,1.92,1.88,1.91/3142579/597798252,3188083,60649,1.01,29.43,1.92,1.88,2.08,605.03,870.67,1.68,2.11,1.73,0.64,-133991,1.90,28.34,42.24
华能国际,600011,6.55,6.78,6.70,729141,364833,364293,6.55,1324,6.54,2743,6.53,2076,6.52,1613,6.51,2335,6.56,2169,6.57,1738,6.58,1773,6.59,3345,6.60,2015,15:00:05/6.55/4430/S/2901834/50054|14:57:04/6.55/30/S/19650/49371|14:56:59/6.55/170/S/111497/49356|14:56:56/6.54/598/S/391617/49346|14:56:53/6.55/27/S/17697/49337|14:56:50/6.55/333/B/217663/49328,20190320153003,-0.23,-3.39,6.71,6.50,6.55/729141/477007338,729141,47701,0.69,71.46,6.71,6.50,3.10,687.75,1028.23,1.41,7.46,6.10,2.17,-949,6.54,71.46,71.46
皖通高速,600012,6.94,6.93,6.96,65273,35277,29993,6.93,264,6.92,90,6.91,40,6.90,292,6.89,50,6.94,422,6.95,161,6.96,31,6.97,718,6.98,912,15:00:04/6.94/455/S/315770/50049|14:57:00/6.94/10/B/6940/49361|14:56:57/6.94/82/S/57158/49351|14:56:48/6.95/2/B/1390/49324|14:56:33/6.94/11/B/7384/49271|14:56:30/6.94/8/B/5552/49260,20190320153003,0.01,0.14,6.98,6.80,6.94/64818/44694058,65273,4501,0.56,10.30,6.98,6.80,2.60,80.89,115.11,1.17,7.62,6.24,0.63,-1508,6.90,10.14,10.55
华夏银行,600015,8.38,8.35,8.32,434830,188031,246796,8.38,769,8.37,2187,8.36,2078,8.35,2010,8.34,1263,8.39,7790,8.40,6483,8.41,4840,8.42,2859,8.43,3606,15:00:13/8.38/7473/S/6262022/50069|14:57:00/8.38/5/B/4190/49361|14:56:54/8.37/102/S/85474/49342|14:56:51/8.37/127/S/106399/49331|14:56:42/8.37/4/S/3348/49303|14:56:39/8.38/413/B/346094/49291,20190320153003,0.03,0.36,8.41,8.31,8.38/427357/356991105,434830,36325,0.34,6.41,8.41,8.31,1.20,1074.54,1289.45,0.68,9.19,7.52,0.92,-17271,8.35,6.66,6.51
民生银行,600016,6.48,6.50,6.48,920812,378720,542089,6.47,11587,6.46,13741,6.45,20673,6.44,14317,6.43,9836,6.48,5967,6.49,10984,6.50,20671,6.51,14513,6.52,19053,15:00:03/6.48/15049/S/9751739/50043|14:56:59/6.48/10/S/6480/49356|14:56:56/6.48/275/S/178369/49346|14:56:53/6.48/8/S/5184/49337|14:56:50/6.48/540/S/349921/49328|14:56:47/6.48/1/S/648/49319,20190320153003,-0.02,-0.31,6.53,6.45,6.48/920812/596918440,920812,59692,0.25,5.43,6.53,6.45,1.23,2387.80,2837.10,0.71,7.15,5.85,0.76,-1034,6.48,4.98,5.70
日照港,600017,3.46,3.44,3.45,406469,201953,204507,3.45,6977,3.44,3189,3.43,1267,3.42,3195,3.41,2431,3.46,1651,3.47,8080,3.48,7650,3.49,7002,3.50,11674,15:00:05/3.46/9571/S/3311566/50054|14:57:04/3.46/10/B/3460/49371|14:56:59/3.46/203/B/70138/49356|14:56:56/3.46/90/B/31118/49346|14:56:53/3.46/103/B/35638/49337|14:56:50/3.45/177/S/61102/49328,20190320153003,0.02,0.58,3.50,3.36,3.46/406469/139323631,406469,13932,1.32,18.63,3.50,3.36,4.07,106.42,106.42,0.95,3.78,3.10,1.31,-18998,3.43,14.82,28.85
上港集团,600018,7.17,7.24,7.18,345578,135186,210373,7.16,769,7.15,982,7.14,3447,7.13,1569,7.12,1842,7.17,2037,7.18,2870,7.19,1831,7.20,4059,7.21,1307,15:00:03/7.17/3721/S/2667957/50043|14:56:57/7.15/20/S/14300/49351|14:56:54/7.15/54/S/38610/49342|14:56:48/7.15/1/S/715/49324|14:56:39/7.15/46/S/32804/49291|14:56:36/7.16/24/B/17184/49281,20190320153003,-0.07,-0.97,7.24,7.05,7.15/341857/244014014,345578,24668,0.15,16.16,7.24,7.05,2.62,1661.55,1661.55,2.37,7.96,6.52,0.47,-3495,7.14,16.16,16.16
宝钢股份,600019,7.45,7.51,7.51,625653,302331,323314,7.44,3438,7.43,2591,7.42,4566,7.41,3529,7.40,6670,7.45,312,7.46,5453,7.47,7094,7.48,5463,7.49,5280,15:00:05/7.45/6504/S/4845480/50054|14:57:04/7.45/25/S/18640/49371|14:56:59/7.46/10/B/7460/49356|14:56:56/7.45/27/S/20115/49346|14:56:53/7.45/10/S/7450/49337|14:56:47/7.46/83/B/61918/49319,20190320153003,-0.06,-0.80,7.58,7.38,7.45/625653/467097895,625653,46710,0.28,7.14,7.58,7.38,2.66,1646.53,1659.57,0.97,8.26,6.76,0.88,-2808,7.47,7.90,8.66
中原高速,600020,6.45,6.21,6.02,1386796,709118,677641,6.44,951,6.43,1676,6.42,1906,6.41,5475,6.40,1226,6.45,213,6.46,3608,6.47,2905,6.48,7929,6.49,4637,15:00:03/6.45/28662/S/18486990/50043|14:57:00/6.46/868/S/561241/49361|14:56:57/6.46/858/S/554423/49351|14:56:54/6.46/379/B/244784/49342|14:56:51/6.46/1952/S/1261406/49331|14:56:48/6.47/658/B/425695/49324,20190320153003,0.24,3.86,6.54,5.99,6.46/1358134/848439249,1386796,86693,6.17,13.61,6.54,5.99,8.86,144.96,144.96,1.45,6.83,5.59,0.88,-8058,6.25,11.10,12.36
上海电力,600021,9.14,9.16,9.10,105538,43641,61879,9.14,409,9.13,387,9.12,258,9.11,68,9.10,98,9.15,992,9.16,740,9.17,762,9.18,697,9.19,347,15:00:05/9.14/482/S/440548/50054|14:56:53/9.14/4/S/3656/49337|14:56:47/9.15/2/B/1830/49319|14:56:41/9.15/10/B/9150/49297|14:56:38/9.15/16/B/14640/49286|14:56:32/9.14/57/S/52098/49267,20190320153003,-0.02,-0.22,9.33,8.86,9.14/105538/96119983,105538,9612,0.49,21.96,9.33,8.86,5.13,195.57,239.21,1.73,10.08,8.24,0.79,-2318,9.11,25.14,25.78
山东钢铁,600022,1.99,1.99,1.99,1202702,604484,598217,1.99,26116,1.98,59424,1.97,34639,1.96,74492,1.95,39407,2.00,130179,2.01,42659,2.02,49748,2.03,45797,2.04,65434,15:00:03/1.99/4068/S/809532/50044|14:57:03/2.00/1/B/200/49364|14:56:59/1.99/50/S/9950/49356|14:56:56/2.00/179/B/35780/49346|14:56:53/2.00/2/B/400/49337|14:56:47/2.00/768/B/152861/49319,20190320153003,0.00,0.00,2.00,1.96,1.99/1202702/238666716,1202702,23867,1.10,6.66,2.00,1.96,2.01,217.84,217.84,1.06,2.19,1.79,0.69,-99739,1.98,6.76,11.32
浙能电力,600023,4.93,4.95,4.92,273822,118396,155424,4.93,1080,4.92,1724,4.91,3296,4.90,2150,4.89,1118,4.94,4618,4.95,4715,4.96,2493,4.97,4656,4.98,2868,15:00:04/4.93/1806/S/890644/50049|14:56:59/4.94/27/B/13338/49356|14:56:47/4.94/6/B/2964/49319|14:56:44/4.93/234/S/115362/49309|14:56:41/4.94/8/B/3952/49297|14:56:38/4.93/122/S/60038/49286,20190320153003,-0.02,-0.40,4.95,4.86,4.93/273822/134410308,273822,13441,0.20,15.42,4.95,4.86,1.82,670.51,670.51,1.09,5.45,4.46,0.88,-9982,4.91,13.40,15.47
华能水电,600025,3.77,3.75,3.76,357479,155601,201873,3.76,4234,3.75,6653,3.74,4183,3.73,26312,3.72,7724,3.77,10921,3.78,17367,3.79,4925,3.80,10868,3.81,2294,15:00:04/3.77/3672/S/1384344/50049|14:56:57/3.76/70/S/26320/49351|14:56:54/3.76/776/S/292550/49342|14:56:51/3.77/140/B/52771/49331|14:56:48/3.77/401/B/151107/49324|14:56:45/3.77/140/B/52770/49313,20190320153003,0.02,0.53,3.77,3.71,3.76/353807/132167294,357479,13355,0.40,24.07,3.77,3.71,1.60,336.59,678.60,1.67,4.13,3.38,0.84,2731,3.74,22.67,31.00
中远海能,600026,6.20,6.16,6.16,162767,61575,101160,6.20,76,6.19,745,6.18,84,6.17,102,6.16,265,6.21,1107,6.22,1467,6.23,681,6.24,479,6.25,1794,15:00:05/6.20/2071/S/1284020/50054|14:56:59/6.21/6/B/3726/49356|14:56:56/6.21/4/B/2484/49346|14:56:53/6.20/7/S/4340/49337|14:56:50/6.20/58/S/36013/49328|14:56:47/6.21/25/B/15525/49319,20190320153003,0.04,0.65,6.28,6.06,6.20/162767/100297583,162767,10030,0.59,99.83,6.28,6.06,3.57,169.63,249.99,0.90,6.78,5.54,0.58,-4256,6.16,-69.88,14.15
华电国际,600027,4.42,4.48,4.48,587848,210575,377269,4.41,2766,4.40,3402,4.39,2732,4.38,2448,4.37,5578,4.42,1189,4.43,5861,4.44,3635,4.45,3731,4.46,1270,15:00:03/4.42/2010/S/888420/50043|14:57:00/4.42/15/B/6630/49361|14:56:57/4.42/262/B/115804/49351|14:56:54/4.42/75/B/33139/49342|14:56:48/4.41/3/S/1323/49324|14:56:45/4.42/29/B/12818/49313,20190320153003,-0.06,-1.34,4.48,4.34,4.42/585838/257966741,587848,25886,0.84,19.88,4.48,4.34,3.12,309.21,435.94,1.01,4.93,4.03,1.02,1240,4.40,21.43,101.35
中国石化,600028,6.00,6.05,6.04,1278740,655362,623378,5.99,4791,5.98,22478,5.97,19431,5.96,21464,5.95,13933,6.00,8494,6.01,12922,6.02,13235,6.03,10437,6.04,20526,15:00:04/6.00/19295/S/11577000/50049|14:57:00/5.99/330/S/197688/49361|14:56:57/6.00/50/B/29985/49351|14:56:54/5.99/3789/B/2269376/49342|14:56:51/5.99/127/B/76073/49331|14:56:48/5.99/92/B/55108/49324,20190320153003,-0.05,-0.83,6.08,5.96,5.99/1259445/757627495,1278740,76920,0.13,9.99,6.08,5.96,1.98,5733.47,7264.27,1.01,6.66,5.45,1.02,16483,6.02,9.08,14.21
南方航空,600029,8.27,8.35,8.33,722925,325930,396972,8.26,1331,8.25,324,8.24,477,8.23,378,8.22,1409,8.27,164,8.28,2776,8.29,6530,8.30,7544,8.31,1486,15:00:04/8.27/4514/S/3733078/50049|14:57:00/8.26/70/S/57840/49361|14:56:57/8.26/1503/S/1241478/49351|14:56:54/8.26/177/S/146322/49342|14:56:51/8.26/92/S/76034/49331|14:56:48/8.27/37/B/30599/49324,20190320153003,-0.08,-0.96,8.33,8.10,8.26/718411/590072266,722925,59381,1.03,33.38,8.33,8.10,2.75,580.77,1014.50,1.53,9.19,7.52,0.63,-14581,8.21,18.22,17.15
中信证券,600030,24.56,24.23,24.15,2588968,1342801,1246082,24.55,8044,24.54,1861,24.53,1243,24.52,1439,24.51,864,24.56,7219,24.57,2027,24.58,4611,24.59,2082,24.60,6278,15:00:03/24.56/24642/S/60520752/50043|14:57:00/24.56/1008/B/2475497/49359|14:56:57/24.56/204/B/500883/49351|14:56:54/24.55/288/S/707127/49342|14:56:51/24.55/1316/S/3230784/49331|14:56:48/24.55/300/S/736500/49324,20190320153003,0.33,1.36,24.95,24.09,24.56/2564326/6281924631,2588968,634245,2.64,27.50,24.95,24.09,3.55,2410.48,2975.91,1.95,26.65,21.81,0.96,-8766,24.50,30.51,26.03
三一重工,600031,13.10,12.80,12.76,1478106,747770,730266,13.10,4134,13.09,2130,13.08,2252,13.07,886,13.06,1649,13.11,1840,13.12,1703,13.13,1510,13.14,995,13.15,2960,15:00:00/13.10/9023/S/11820496/50037|14:57:00/13.10/19/B/24885/49361|14:56:57/13.10/83/B/108730/49351|14:56:54/13.09/149/S/195142/49342|14:56:51/13.09/591/S/773635/49331|14:56:48/13.09/167/S/218737/49324,20190320153003,0.30,2.34,13.47,12.66,13.10/1478106/1941215934,1478106,194122,1.90,19.75,13.47,12.66,6.33,1016.96,1021.89,3.41,14.08,11.52,0.97,2043,13.14,15.69,48.84
福建高速,600033,3.48,3.53,3.50,153365,59355,94008,3.47,557,3.46,3541,3.45,2834,3.44,3118,3.43,4292,3.48,1397,3.49,1859,3.50,3447,3.51,1465,3.52,1371,15:00:03/3.48/2346/S/816408/50043|14:56:51/3.47/481/S/166907/49331|14:56:18/3.47/400/S/138800/49219|14:56:00/3.47/20/S/6940/49154|14:55:54/3.47/50/S/17350/49133|14:55:51/3.47/5/S/1735/49122,20190320153003,-0.05,-1.42,3.51,3.43,3.48/153365/53196116,153365,5320,0.56,14.19,3.51,3.43,2.27,95.51,95.51,1.06,3.88,3.18,0.78,4803,3.47,11.81,14.55
楚天高速,600035,3.80,3.84,3.84,176941,65545,111395,3.80,1914,3.79,750,3.78,1364,3.77,1805,3.76,952,3.81,2019,3.82,2701,3.83,2732,3.84,3913,3.85,2398,15:00:03/3.80/1025/S/389500/50043|14:56:59/3.81/611/B/232791/49356|14:56:50/3.81/1/B/381/49328|14:56:44/3.80/70/S/26610/49309|14:56:38/3.80/1/S/380/49286|14:56:32/3.81/50/B/19050/49267,20190320153003,-0.04,-1.04,3.84,3.72,3.80/176941/66859109,176941,6686,1.16,11.25,3.84,3.72,3.12,58.01,65.67,1.05,4.22,3.46,0.48,-6978,3.78,10.03,11.41
招商银行,600036,32.27,32.03,31.88,465379,241997,223295,32.27,1894,32.26,2380,32.25,862,32.23,22,32.21,37,32.28,526,32.29,863,32.30,3895,32.31,229,32.32,2696,15:00:03/32.27/8401/S/27108801/50043|14:57:00/32.26/55/B/177415/49361|14:56:57/32.25/300/S/967500/49351|14:56:54/32.26/105/B/338632/49342|14:56:51/32.25/614/B/1979043/49331|14:56:48/32.23/69/B/224258/49324,20190320153003,0.24,0.75,32.47,31.70,32.26/456978/1465108512,465379,149222,0.23,10.34,32.47,31.70,2.40,6656.96,8138.44,1.66,35.23,28.83,0.77,-3014,32.06,9.06,11.60
歌华有线,600037,11.77,11.92,11.80,167141,61694,105409,11.77,230,11.76,284,11.75,562,11.74,45,11.73,137,11.79,44,11.80,216,11.81,329,11.82,599,11.83,27,15:00:05/11.77/1427/S/1679579/50054|14:56:59/11.77/17/S/20009/49356|14:56:47/11.76/15/S/17641/49319|14:56:44/11.77/43/B/50611/49309|14:56:41/11.76/122/S/143544/49297|14:56:38/11.77/21/B/24717/49286,20190320153003,-0.15,-1.26,11.90,11.51,11.77/167141/196128442,167141,19613,1.20,24.41,11.90,11.51,3.27,163.81,163.81,1.27,13.11,10.73,1.04,43,11.73,22.47,21.52
中直股份,600038,45.75,46.38,46.12,62713,25806,36835,45.75,302,45.74,375,45.73,2,45.71,6,45.70,32,45.76,2,45.77,16,45.78,118,45.79,336,45.80,93,15:00:04/45.75/344/S/1573800/50049|14:57:00/45.78/2/S/9156/49361|14:56:57/45.78/20/B/91560/49351|14:56:51/45.79/55/B/251790/49331|14:56:48/45.78/27/S/123606/49324|14:56:45/45.78/4/S/18312/49313,20190320153003,-0.63,-1.36,46.14,44.97,45.75/62713/285301831,62713,28530,1.06,55.01,46.14,44.97,2.52,269.69,269.69,3.63,51.02,41.74,0.82,152,45.49,66.04,59.22
四川路桥,600039,4.01,4.04,4.05,662069,300247,361818,4.00,4328,3.99,1743,3.98,2653,3.97,1031,3.96,3201,4.01,1596,4.02,8202,4.03,3697,4.04,5897,4.05,6616,15:00:03/4.01/3781/S/1516181/50043|14:57:00/4.01/76/B/30476/49361|14:56:57/4.00/168/S/67268/49351|14:56:54/4.02/1599/B/639832/49342|14:56:51/4.01/10/S/4010/49331|14:56:48/4.01/290/S/116326/49324,20190320153003,-0.03,-0.74,4.08,3.95,4.01/658288/263226874,662069,26474,1.92,12.26,4.08,3.95,3.22,138.63,144.78,1.09,4.44,3.64,0.90,-13052,4.00,19.68,13.61
保利地产,600048,14.37,14.24,14.24,1285747,680130,605537,14.36,1548,14.35,31,14.34,127,14.33,607,14.32,515,14.37,4621,14.38,5795,14.39,1073,14.40,5928,14.41,719,15:00:03/14.37/7015/S/10080555/50044|14:57:03/14.36/20/S/28735/49364|14:56:59/14.37/212/B/304522/49356|14:56:56/14.36/45/S/64635/49346|14:56:53/14.36/377/S/541550/49337|14:56:50/14.36/121/S/173777/49328,20190320153003,0.13,0.91,14.48,13.98,14.37/1285747/1826548982,1285747,182655,1.09,10.08,14.48,13.98,3.51,1691.77,1709.32,1.59,15.66,12.82,0.77,-15308,14.21,13.36,10.94
中国联通,600050,7.18,7.10,7.15,3208736,1621863,1586859,7.17,23093,7.16,10261,7.15,10946,7.14,10745,7.13,1507,7.18,34894,7.19,12143,7.20,17113,7.21,7137,7.22,8112,15:00:05/7.18/19565/S/14047670/50054|14:57:04/7.18/13/B/9331/49371|14:56:59/7.17/352/B/252353/49356|14:56:56/7.17/195/B/139745/49346|14:56:53/7.17/333/B/238523/49337|14:56:50/7.17/391/B/280396/49328,20190320153003,0.08,1.13,7.40,7.05,7.18/3208736/2318230026,3208736,231823,1.51,54.62,7.40,7.05,4.93,1521.92,2228.74,1.59,7.81,6.39,0.90,-22847,7.23,54.62,54.62
宁波联合,600051,6.95,6.89,6.86,64745,32724,32008,6.95,17,6.94,496,6.93,83,6.92,35,6.91,92,6.96,2968,6.97,480,6.98,797,6.99,1130,7.00,790,15:00:03/6.95/760/S/528200/50043|14:57:03/6.95/8/B/5560/49364|14:56:59/6.95/50/B/34750/49356|14:56:47/6.95/25/B/17375/49319|14:56:44/6.95/9/B/6255/49309|14:56:41/6.95/7/B/4865/49297,20190320153003,0.06,0.87,6.99,6.79,6.95/64745/44675326,64745,4468,2.08,4.71,6.99,6.79,2.90,21.61,21.61,0.93,7.58,6.20,0.89,-5442,6.90,20.14,4.49
浙江广厦,600052,3.67,3.63,3.62,80301,39174,41126,3.66,461,3.65,267,3.64,213,3.63,1300,3.62,43,3.67,2375,3.68,1495,3.69,488,3.70,842,3.71,403,15:00:04/3.67/1266/S/464622/50049|14:57:00/3.67/8/B/2936/49361|14:56:57/3.67/11/B/4037/49351|14:56:54/3.67/216/B/79072/49342|14:56:51/3.67/23/B/8441/49331|14:56:48/3.67/119/B/43633/49324,20190320153003,0.04,1.10,3.67,3.55,3.67/79035/28505272,80301,2897,0.92,12.46,3.67,3.55,3.31,31.99,31.99,1.32,3.99,3.27,1.04,-3319,3.61,22.18,16.96
九鼎投资,600053,28.78,27.60,27.40,131310,70222,60975,28.77,391,28.76,161,28.75,62,28.73,18,28.72,20,28.78,184,28.79,66,28.80,170,28.81,5,28.82,81,15:00:05/28.78/1599/S/4601922/50054|14:57:04/28.78/5/B/14390/49371|14:56:59/28.76/12/S/34512/49356|14:56:56/28.76/25/B/71890/49346|14:56:53/28.76/95/B/273133/49337|14:56:47/28.72/37/S/106273/49319,20190320153003,1.18,4.28,29.50,27.21,28.78/131310/373881373,131310,37388,3.03,35.19,29.50,27.21,8.30,124.77,124.77,6.11,30.36,24.84,1.18,146,28.48,55.44,38.53
黄山旅游,600054,11.40,11.38,11.33,58007,27448,30555,11.40,447,11.39,219,11.38,345,11.37,35,11.36,108,11.41,109,11.42,107,11.43,51,11.44,311,11.45,125,15:00:05/11.40/761/S/867540/50054|14:56:59/11.39/41/M/46706/49356|14:56:53/11.40/33/B/37591/49337|14:56:50/11.39/46/B/52394/49328|14:56:47/11.38/1/S/1138/49319|14:56:44/11.39/9/S/10251/49309,20190320153003,0.02,0.18,11.44,11.15,11.40/58007/65596258,58007,6560,1.13,17.29,11.44,11.15,2.55,58.52,85.19,2.05,12.52,10.24,0.73,451,11.31,15.18,20.57
万东医疗,600055,13.36,13.60,13.62,55390,24554,30817,13.35,198,13.33,10,13.32,10,13.31,5,13.30,241,13.36,114,13.37,5,13.39,50,13.40,88,13.43,13,15:00:03/13.36/319/S/426184/50043|14:56:57/13.36/46/B/61455/49351|14:56:51/13.35/1/B/1335/49331|14:56:30/13.30/98/B/130340/49260|14:56:27/13.30/4/B/5320/49248|14:56:21/13.30/248/S/329996/49227,20190320153003,-0.24,-1.76,13.68,13.08,13.36/55071/73246794,55390,7367,1.02,53.76,13.68,13.08,4.41,72.25,72.25,3.79,14.96,12.24,0.76,194,13.30,61.30,66.22
中国医药,600056,16.27,15.80,15.79,270584,132808,137709,16.26,1781,16.25,332,16.24,249,16.23,705,16.22,292,16.27,1040,16.28,747,16.29,523,16.30,2294,16.32,190,15:00:04/16.27/4350/S/7077450/50049|14:57:00/16.25/50/S/81256/49361|14:56:57/16.25/99/S/160875/49351|14:56:54/16.25/12/M/19500/49342|14:56:51/16.24/94/S/152694/49331|14:56:48/16.25/1/B/1625/49324,20190320153003,0.47,2.97,16.27,15.67,16.25/266234/424477191,270584,43155,2.67,11.35,16.27,15.67,3.80,164.67,173.84,2.07,17.38,14.22,1.25,-1435,15.95,10.51,13.39
厦门象屿,600057,5.04,5.12,5.07,255392,103187,152203,5.03,1667,5.02,2867,5.01,788,5.00,1674,4.99,968,5.04,95,5.05,2093,5.06,1007,5.07,1466,5.08,1274,15:00:04/5.04/2059/S/1037736/50049|14:57:00/5.03/85/S/42835/49361|14:56:45/5.04/10/B/5040/49313|14:56:42/5.04/70/B/35280/49303|14:56:39/5.04/11/B/5544/49291|14:56:36/5.03/5/S/2515/49281,20190320153003,-0.08,-1.56,5.13,4.96,5.03/253333/127554841,255392,12859,1.18,10.47,5.13,4.96,3.32,108.74,108.74,1.15,5.63,4.61,1.13,2029,5.03,9.96,15.22
五矿发展,600058,8.32,8.40,8.39,71201,24422,46757,8.32,2859,8.31,5,8.30,463,8.29,11,8.28,1,8.33,551,8.34,213,8.35,410,8.36,235,8.37,166,15:00:04/8.32/890/S/740480/50049|14:56:57/8.30/19/S/15770/49351|14:56:54/8.30/45/S/37350/49342|14:56:36/8.30/29/S/24070/49281|14:56:30/8.31/1/B/831/49260|14:56:18/8.31/6/B/4986/49219,20190320153003,-0.08,-0.95,8.39,8.09,8.30/70311/58031609,71201,5877,0.66,-22.33,8.39,8.09,3.57,89.18,89.18,1.95,9.24,7.56,0.88,1764,8.25,-16.90,258.41
古越龙山,600059,8.14,8.01,8.06,103802,50344,53454,8.14,133,8.13,63,8.12,10,8.11,31,8.10,59,8.15,710,8.16,616,8.17,516,8.18,196,8.19,119,15:00:03/8.14/723/S/588522/50043|14:56:57/8.14/14/S/11409/49351|14:56:54/8.14/11/S/8957/49342|14:56:51/8.15/11/B/8965/49331|14:56:45/8.15/100/B/81500/49313|14:56:42/8.15/4/B/3260/49303,20190320153003,0.13,1.62,8.28,8.01,8.14/103802/84854457,103802,8485,1.28,37.27,8.28,8.01,3.37,65.81,65.81,1.64,8.81,7.21,1.53,-1861,8.18,43.03,40.05
海信电器,600060,10.89,10.96,11.01,224824,92285,132522,10.88,1141,10.87,443,10.86,265,10.85,530,10.84,479,10.89,2257,10.90,1498,10.91,338,10.92,463,10.93,713,15:00:03/10.89/3028/S/3297492/50044|14:56:56/10.89/3/S/3267/49346|14:56:53/10.89/52/B/56628/49337|14:56:50/10.89/15/S/16335/49328|14:56:47/10.90/10/B/10898/49319|14:56:44/10.89/3/B/3267/49309,20190320153003,-0.07,-0.64,11.01,10.65,10.89/224824/243296163,224824,24330,1.72,20.17,11.01,10.65,3.28,142.49,142.49,1.02,12.06,9.86,0.64,-2411,10.82,29.34,15.13
国投资本,600061,14.20,13.88,13.80,288277,146646,141551,14.20,1745,14.19,469,14.18,403,14.17,365,14.16,103,14.21,246,14.22,711,14.23,247,14.24,776,14.25,919,15:00:04/14.20/5411/S/7683094/50049|14:57:00/14.20/366/B/519524/49361|14:56:57/14.20/212/B/301028/49351|14:56:54/14.19/43/S/61035/49342|14:56:51/14.19/111/S/157559/49331|14:56:48/14.19/30/S/42591/49324,20190320153003,0.32,2.31,14.29,13.68,14.20/282866/396972202,288277,40466,0.69,34.10,14.29,13.68,4.39,592.68,600.25,1.64,15.27,12.49,1.12,186,14.03,41.01,23.18
华润双鹤,600062,14.25,13.92,13.88,317929,160322,157560,14.25,1455,14.24,285,14.23,1065,14.22,132,14.21,469,14.26,460,14.27,368,14.28,1086,14.29,349,14.30,1040,15:00:03/14.25/4473/S/6374025/50043|14:57:00/14.25/15/B/21365/49361|14:56:57/14.24/39/S/55536/49351|14:56:54/14.24/124/B/176576/49342|14:56:51/14.24/257/B/365912/49331|14:56:48/14.24/37/B/52688/49324,20190320153003,0.33,2.37,14.25,13.80,14.25/317929/446232740,317929,44623,3.86,15.35,14.25,13.80,3.23,117.31,148.66,1.90,15.31,12.53,1.16,103,14.03,15.35,15.35
皖维高新,600063,3.40,3.38,3.39,260747,123857,136887,3.39,2036,3.38,2985,3.37,1130,3.36,2631,3.35,1529,3.40,5010,3.41,3086,3.42,3794,3.43,12742,3.44,3767,15:00:03/3.40/1836/S/624240/50043|14:56:54/3.40/20/B/6800/49342|14:56:51/3.39/24/S/8140/49331|14:56:48/3.40/9/B/3060/49324|14:56:45/3.39/39/S/13251/49313|14:56:42/3.39/8/S/2712/49303,20190320153003,0.02,0.59,3.44,3.32,3.40/258911/87657959,260747,8828,1.35,58.21,3.44,3.32,3.55,65.48,65.48,1.42,3.72,3.04,0.66,-18088,3.39,35.57,76.81
南京高科,600064,12.48,12.83,12.67,762458,334208,428178,12.48,2492,12.47,417,12.46,376,12.45,535,12.44,111,12.49,2369,12.50,1760,12.51,150,12.52,149,12.53,1331,15:00:04/12.48/7935/S/9902131/50049|14:57:00/12.49/31/B/38719/49361|14:56:57/12.48/112/S/139777/49351|14:56:54/12.48/276/S/344659/49342|14:56:51/12.48/1033/S/1287657/49331|14:56:48/12.48/292/S/364749/49324,20190320153003,-0.35,-2.73,13.20,12.30,12.49/754523/962075808,762458,97198,6.17,12.85,13.20,12.30,7.01,154.25,154.25,1.51,14.11,11.55,0.80,-1828,12.75,14.52,16.30
宇通客车,600066,13.72,13.46,13.47,354052,184877,169152,13.72,1196,13.71,2655,13.70,1445,13.69,390,13.68,429,13.73,1218,13.74,549,13.75,1653,13.76,641,13.77,371,15:00:00/13.72/5759/S/7901925/50037|14:57:00/13.71/276/B/378386/49361|14:56:57/13.70/129/S/176836/49351|14:56:54/13.71/68/B/93228/49342|14:56:51/13.70/530/S/726614/49331|14:56:48/13.71/145/B/198778/49324,20190320153003,0.26,1.93,13.73,13.44,13.72/354052/481029116,354052,48103,1.60,12.53,13.73,13.44,2.15,303.75,303.75,2.08,14.81,12.11,1.26,1683,13.59,19.02,9.71
冠城大通,600067,4.98,5.09,5.05,215805,85848,129949,4.98,3496,4.97,547,4.96,532,4.95,159,4.94,340,4.99,1148,5.00,506,5.01,782,5.02,944,5.03,1408,15:00:05/4.98/2065/S/1028370/50054|14:57:04/4.98/155/S/77190/49371|14:56:56/4.98/20/S/9965/49346|14:56:50/4.99/112/B/55888/49328|14:56:47/4.99/120/B/59880/49319|14:56:44/4.99/30/B/14970/49309,20190320153003,-0.11,-2.16,5.08,4.86,4.98/215805/107208494,215805,10721,1.45,9.79,5.08,4.86,4.32,74.31,74.31,0.95,5.60,4.58,0.59,286,4.97,9.79,9.79
葛洲坝,600068,7.41,7.37,7.37,629918,283679,346220,7.41,1719,7.40,2761,7.39,1147,7.38,661,7.37,2905,7.42,5258,7.43,2765,7.44,2606,7.45,5966,7.46,1742,15:00:04/7.41/19490/S/14442475/50049|14:57:00/7.40/113/S/83624/49361|14:56:57/7.41/200/B/148056/49351|14:56:54/7.40/56/S/41440/49342|14:56:51/7.41/224/B/165970/49331|14:56:48/7.40/622/S/460385/49324,20190320153003,0.04,0.54,7.44,7.26,7.40/610428/448359353,629918,46280,1.37,6.99,7.44,7.26,2.44,341.21,341.21,1.33,8.11,6.63,0.91,-9144,7.34,9.18,7.29
银鸽投资,600069,3.88,3.90,3.85,290491,128795,161695,3.87,2987,3.86,3005,3.85,2299,3.84,2044,3.83,1105,3.88,1800,3.89,5890,3.90,5063,3.91,3034,3.92,1586,15:00:04/3.88/5756/S/2233328/50049|14:57:00/3.88/23/B/8924/49361|14:56:57/3.88/1/B/388/49351|14:56:54/3.87/66/S/25593/49342|14:56:51/3.87/26/S/10062/49331|14:56:48/3.88/159/B/61583/49324,20190320153003,-0.02,-0.51,3.89,3.78,3.88/284735/109187253,290491,11142,1.79,117.07,3.89,3.78,2.82,63.00,63.00,2.97,4.29,3.51,0.49,-5933,3.84,326.39,113.34
浙江富润,600070,9.08,9.05,8.95,177167,94891,82252,9.08,319,9.07,773,9.06,443,9.05,193,9.04,262,9.09,822,9.10,3103,9.11,82,9.12,214,9.13,172,15:00:03/9.08/1071/S/972305/50044|14:56:59/9.07/24/S/21773/49356|14:56:56/9.08/75/B/68100/49346|14:56:50/9.07/50/S/45352/49328|14:56:47/9.08/42/S/38136/49319|14:56:41/9.07/23/S/20861/49297,20190320153003,0.03,0.33,9.30,8.78,9.08/177167/160795042,177167,16080,4.41,26.71,9.30,8.78,5.75,36.46,47.39,2.02,9.96,8.15,1.05,-2403,9.08,25.03,28.52
凤凰光学,600071,11.90,11.93,12.04,26525,8500,18011,11.83,61,11.82,130,11.81,4,11.80,41,11.78,22,11.90,106,11.94,7,11.95,105,11.96,130,11.97,80,15:00:04/11.90/126/S/149940/50049|14:57:00/11.90/92/B/109440/49361|14:56:54/11.83/19/S/22477/49342|14:56:51/11.81/20/S/23702/49331|14:56:45/11.80/3/S/3540/49313|14:56:42/11.88/9/B/10664/49303,20190320153003,-0.03,-0.25,12.09,11.56,11.90/26525/31335211,26525,3134,1.12,43.66,12.09,11.56,4.44,28.26,28.26,6.74,13.12,10.74,1.06,-170,11.82,-497.78,84.27
中船科技,600072,13.04,11.85,13.04,17006,0,17006,13.04,132281,13.03,657,13.02,205,13.01,28,13.00,807,0.00,0,0.00,0,0.00,0,0.00,0,0.00,0,15:00:03/13.04/8/S/10432/50043|14:55:45/13.04/10/S/13040/49101|14:55:21/13.04/43/S/56072/49013|14:54:15/13.04/4/S/5216/48783|14:52:42/13.04/20/S/26080/48468|14:52:36/13.04/2/S/2608/48444,20190320153003,1.19,10.04,13.04,13.04,13.04/16998/22166318,17006,2218,0.28,585.81,13.04,13.04,0.00,78.34,96.01,2.62,13.04,10.67,0.05,133978,13.04,2733.74,315.61
上海梅林,600073,8.80,9.01,8.97,225625,104759,120839,8.80,461,8.79,758,8.78,1067,8.77,477,8.76,217,8.81,209,8.82,201,8.83,225,8.84,177,8.85,906,15:00:04/8.80/3173/S/2792240/50049|14:57:00/8.79/6/S/5274/49361|14:56:57/8.80/6/B/5280/49351|14:56:54/8.80/10/B/8800/49342|14:56:51/8.80/504/B/443020/49331|14:56:45/8.80/20/B/17590/49313,20190320153003,-0.21,-2.33,9.00,8.59,8.79/222452/195083693,225625,19788,2.41,29.17,9.00,8.59,4.55,82.52,82.52,2.16,9.91,8.11,0.78,1262,8.77,20.49,29.43
*ST保千,600074,1.28,1.26,1.25,219667,97081,122586,1.27,4571,1.26,9426,1.25,7399,1.24,6938,1.23,7263,1.28,17444,1.29,19158,1.30,11601,1.31,14286,1.32,34703,15:00:05/1.28/1025/S/131200/50054|14:56:56/1.28/1/B/128/49346|14:56:53/1.28/4/B/512/49337|14:56:41/1.28/20/B/2560/49297|14:56:35/1.28/100/B/12800/49277|14:56:14/1.27/806/S/102362/49205,20190320153003,0.02,1.59,1.29,1.24,1.28/219667/27854829,219667,2785,2.14,-0.37,1.29,1.24,3.97,13.13,31.20,-0.84,1.32,1.20,0.96,-61595,1.27,-6.38,-0.40
新疆天业,600075,6.31,5.74,5.85,360773,127000,233763,6.31,35748,6.30,4195,6.29,85,6.28,85,6.27,119,0.00,0,0.00,0,0.00,0,0.00,0,0.00,0,15:00:04/6.31/1640/S/1034840/50049|14:56:54/6.31/15/S/9465/49342|14:56:48/6.31/20/S/12620/49324|14:56:45/6.31/10/S/6310/49313|14:56:39/6.31/4/S/2524/49291|14:56:36/6.31/50/S/31550/49281,20190320153003,0.57,9.93,6.31,5.76,6.31/360773/221125043,360773,22113,5.88,17.89,6.31,5.76,9.58,38.75,61.37,1.33,6.31,5.17,2.37,40232,6.14,14.62,11.38
康欣新材,600076,5.03,5.12,5.05,276736,110310,166423,5.03,198,5.02,2814,5.01,1512,5.00,6934,4.99,179,5.04,2169,5.05,4161,5.06,1781,5.07,1162,5.08,852,15:00:04/5.03/2832/S/1424496/50049|14:56:57/5.04/475/S/239490/49351|14:56:54/5.04/17/S/8568/49342|14:56:51/5.04/10/S/5040/49331|14:56:48/5.04/139/B/69966/49324|14:56:45/5.04/364/B/183456/49313,20190320153003,-0.09,-1.76,5.05,4.93,5.04/273904/136909669,276736,13833,2.68,11.13,5.05,4.93,2.34,52.02,52.02,1.39,5.63,4.61,1.12,1512,5.00,11.13,11.13
宋都股份,600077,3.31,3.28,3.28,163069,78142,84921,3.30,955,3.29,1285,3.28,642,3.27,563,3.26,331,3.31,21,3.32,2396,3.33,3672,3.34,2416,3.35,2405,15:00:03/3.31/647/S/214157/50044|14:56:56/3.31/1/B/331/49346|14:56:53/3.31/96/B/31776/49337|14:56:44/3.30/10/S/3300/49309|14:56:41/3.30/33/B/10890/49297|14:56:38/3.30/2/B/660/49286,20190320153003,0.03,0.91,3.31,3.22,3.31/163069/53475022,163069,5348,1.22,14.26,3.31,3.22,2.74,44.36,44.36,1.15,3.61,2.95,1.02,-7134,3.28,19.46,28.49
澄星股份,600078,4.30,4.27,4.27,139511,70482,69019,4.30,4785,4.29,1349,4.28,173,4.27,498,4.26,610,4.31,1150,4.32,1623,4.33,2327,4.34,1739,4.35,1958,15:00:03/4.30/1142/S/491060/50043|14:57:00/4.30/4/B/1720/49361|14:56:57/4.30/35/B/15050/49351|14:56:54/4.30/10/B/4300/49342|14:56:48/4.30/644/S/276920/49324|14:56:45/4.31/9/B/3879/49313,20190320153003,0.03,0.70,4.33,4.20,4.30/138369/59190869,139511,5968,2.11,135.85,4.33,4.20,3.04,28.49,28.49,1.53,4.70,3.84,0.87,-1382,4.28,538.15,48.43
人福医药,600079,11.49,11.35,11.36,166299,83347,82928,11.49,341,11.48,876,11.47,323,11.46,1075,11.45,263,11.50,1301,11.51,353,11.52,649,11.53,99,11.54,255,15:00:03/11.49/3019/S/3468831/50043|14:56:57/11.47/30/B/34410/49351|14:56:54/11.46/3/S/3438/49342|14:56:48/11.47/34/B/38998/49324|14:56:45/11.46/6/S/6876/49313|14:56:42/11.47/20/B/22940/49303,20190320153003,0.14,1.23,11.49,11.12,11.49/166299/188441462,166299,18844,1.29,20.00,11.49,11.12,3.26,147.77,155.54,1.31,12.49,10.22,0.98,221,11.33,17.99,7.52
金花股份,600080,7.97,7.64,7.60,192368,100763,91597,7.96,928,7.95,604,7.94,524,7.93,236,7.92,1220,7.97,1854,7.98,2187,7.99,2318,8.00,3426,8.01,378,15:00:13/7.97/5585/S/4451245/50069|14:57:00/7.97/251/B/200029/49361|14:56:57/7.96/260/S/207165/49351|14:56:54/7.96/184/S/146637/49342|14:56:51/7.97/383/B/305131/49331|14:56:48/7.97/251/B/199950/49324,20190320153003,0.33,4.32,8.00,7.57,7.97/186783/144936089,192368,14939,6.30,50.02,8.00,7.57,5.63,24.33,29.75,1.68,8.40,6.88,1.25,-6651,7.76,64.01,55.65
东风科技,600081,9.50,9.68,9.70,63674,26043,37624,9.50,474,9.49,570,9.48,115,9.47,28,9.46,37,9.51,103,9.52,166,9.54,64,9.55,422,9.56,92,15:00:03/9.50/545/S/517750/50044|14:56:56/9.50/100/B/95000/49346|14:56:50/9.49/25/S/23744/49328|14:56:44/9.50/96/B/91119/49309|14:56:38/9.50/30/B/28500/49286|14:56:31/9.50/30/S/28500/49266,20190320153003,-0.18,-1.86,9.71,9.31,9.50/63674/60330125,63674,6033,2.03,22.19,9.71,9.31,4.13,29.79,29.79,2.24,10.65,8.71,1.11,377,9.47,18.54,21.39
海泰发展,600082,5.48,5.53,5.45,241308,110353,130950,5.47,1810,5.46,570,5.45,674,5.44,325,5.43,58,5.48,114,5.49,1428,5.50,1518,5.51,413,5.52,2629,15:00:03/5.48/3739/S/2048972/50044|14:56:59/5.47/78/S/42686/49356|14:56:56/5.48/10/B/5480/49346|14:56:53/5.47/5/S/2735/49337|14:56:50/5.48/139/B/76133/49328|14:56:44/5.48/5/B/2740/49309,20190320153003,-0.05,-0.90,5.61,5.31,5.48/241308/132250924,241308,13225,3.81,60.27,5.61,5.31,5.42,34.74,35.41,2.10,6.08,4.98,0.52,-2665,5.48,2464.58,247.98
博信股份,600083,18.19,18.04,18.03,22420,14626,7789,18.19,7,18.18,221,18.17,20,18.16,55,18.15,48,18.20,180,18.21,61,18.22,115,18.23,58,18.24,32,15:00:03/18.19/142/S/258298/50043|14:56:51/18.20/30/B/54561/49331|14:56:31/18.16/15/S/27265/49266|14:56:30/18.18/6/S/10908/49260|14:56:27/18.19/6/B/10914/49248|14:56:18/18.19/55/B/100034/49219,20190320153003,0.15,0.83,18.32,18.02,18.19/22420/40757658,22420,4076,0.98,176.20,18.32,18.02,1.66,41.47,41.84,52.85,19.84,16.24,0.99,-95,18.18,211.36,496.94
中葡股份,600084,3.71,3.54,3.51,693989,377872,316098,3.70,2627,3.69,4126,3.68,1060,3.67,1342,3.66,1728,3.71,6734,3.72,1901,3.73,1310,3.74,1409,3.75,4801,15:00:04/3.71/8618/S/3197278/50049|14:57:00/3.70/79/B/29218/49361|14:56:57/3.70/62/B/22940/49351|14:56:54/3.70/146/B/54020/49342|14:56:51/3.70/113/S/41810/49331|14:56:48/3.70/23/S/8510/49324,20190320153003,0.17,4.80,3.82,3.48,3.70/685371/252975695,693989,25617,6.18,-41.35,3.82,3.48,9.60,41.69,41.69,1.84,3.89,3.19,1.72,-5272,3.69,-37.28,-46.38
同仁堂,600085,30.27,30.89,30.83,118622,49941,68537,30.27,253,30.26,159,30.25,658,30.24,142,30.23,84,30.28,11,30.29,191,30.30,61,30.33,14,30.34,17,15:00:13/30.27/591/S/1788443/50069|14:57:00/30.27/8/B/24204/49361|14:56:57/30.25/26/S/78680/49351|14:56:54/30.25/21/B/64187/49342|14:56:51/30.25/6/B/18150/49331|14:56:48/30.25/36/B/108874/49324,20190320153003,-0.62,-2.01,30.89,29.95,30.27/118031/358033811,118622,35982,0.86,39.62,30.89,29.95,3.04,415.14,415.14,4.62,33.98,27.80,1.26,1002,30.33,36.64,40.81
东方金钰,600086,6.01,6.29,6.30,1164363,520111,644226,6.01,6281,6.00,7773,5.99,3412,5.98,2631,5.97,1650,6.02,4663,6.03,847,6.04,901,6.05,1105,6.06,983,15:00:03/6.01/13670/S/8215670/50044|14:57:03/6.01/100/S/60100/49364|14:56:59/6.01/488/B/293258/49356|14:56:56/6.01/780/S/468783/49346|14:56:53/6.01/167/S/100397/49337|14:56:50/6.01/416/B/249986/49328,20190320153003,-0.28,-4.45,6.45,5.86,6.01/1164363/713643841,1164363,71364,11.02,-89.65,6.45,5.86,9.38,63.52,81.14,2.59,6.92,5.66,1.06,13248,6.13,-85.72,35.10
中视传媒,600088,22.40,20.36,22.40,150996,13179,137815,22.40,36467,22.39,137,22.38,66,22.36,11,22.35,7,0.00,0,0.00,0,0.00,0,0.00,0,0.00,0,15:00:13/22.40/22/S/49280/50069|14:56:39/22.40/15/S/34944/49291|14:56:06/22.40/6/S/13440/49177|14:55:15/22.40/2/S/4928/48994|14:54:57/22.40/12/S/26880/48931|14:50:30/22.40/20/S/44800/48003,20190320153003,2.04,10.02,22.40,21.85,22.40/150974/337939374,150996,33799,3.80,95.40,22.40,21.85,2.70,89.09,89.09,7.79,22.40,18.32,0.58,36688,22.40,86.29,108.35
特变电工,600089,8.64,8.48,8.49,835418,413337,422058,8.64,2986,8.63,1952,8.62,1377,8.61,401,8.60,1485,8.65,6975,8.66,3067,8.67,3411,8.68,5413,8.69,5415,15:00:04/8.64/9376/S/8100527/50049|14:57:00/8.64/149/S/129090/49361|14:56:57/8.64/76/S/65474/49351|14:56:54/8.64/163/B/140765/49342|14:56:51/8.63/892/S/770687/49331|14:56:48/8.64/374/B/323106/49324,20190320153003,0.16,1.89,8.76,8.39,8.64/826042/708540845,835418,71664,2.25,14.08,8.76,8.39,4.36,320.92,320.93,1.10,9.33,7.63,1.19,-16080,8.58,12.42,14.62
同济堂,600090,6.42,6.22,6.18,253391,133198,120188,6.42,8456,6.41,759,6.40,1927,6.39,379,6.38,383,6.43,958,6.44,1339,6.45,2667,6.46,486,6.47,998,15:00:03/6.42/5378/S/3452676/50043|14:57:00/6.41/46/S/29486/49361|14:56:57/6.41/164/B/105119/49351|14:56:54/6.41/573/B/366897/49342|14:56:51/6.41/338/B/216638/49331|14:56:48/6.41/1106/B/708946/49324,20190320153003,0.20,3.22,6.42,6.15,6.41/248013/156087506,253391,15954,3.61,17.92,6.42,6.15,4.34,45.11,92.43,1.48,6.84,5.60,1.13,5456,6.29,17.21,17.95
ST明科,600091,4.20,4.22,4.20,33532,15046,18486,4.18,642,4.17,590,4.16,881,4.15,490,4.14,380,4.20,19,4.21,727,4.22,450,4.23,804,4.24,1334,15:00:05/4.20/111/S/46620/50054|14:56:53/4.21/255/B/106890/49337|14:56:47/4.18/100/B/41800/49319|14:56:44/4.18/1745/S/730138/49309|14:56:38/4.21/16/B/6736/49286|14:56:23/4.21/133/B/55993/49235,20190320153003,-0.02,-0.47,4.24,4.16,4.20/33532/14072934,33532,1407,0.77,-141.42,4.24,4.16,1.90,18.37,18.37,2.06,4.43,4.01,1.04,-351,4.20,-259.76,329.10
易见股份,600093,12.52,12.57,12.40,129668,51698,77943,12.52,117,12.51,965,12.50,255,12.49,111,12.48,100,12.53,187,12.54,157,12.55,794,12.56,62,12.57,68,15:00:13/12.52/3589/S/4493428/50069|14:56:51/12.51/23/S/28773/49331|14:56:48/12.51/65/B/81165/49324|14:56:45/12.50/44/S/55000/49313|14:56:42/12.51/150/B/187645/49303|14:56:39/12.51/65/B/81303/49291,20190320153003,-0.05,-0.40,12.82,12.30,12.52/129668/161851329,129668,16185,1.16,15.98,12.82,12.30,4.14,140.53,140.53,2.02,13.83,11.31,0.60,280,12.48,15.56,17.23
大名城,600094,6.80,6.95,7.00,171673,66954,104706,6.80,325,6.79,1064,6.78,2637,6.77,2415,6.76,514,6.81,206,6.82,411,6.83,785,6.84,678,6.85,2355,15:00:04/6.80/4286/S/2914480/50049|14:57:00/6.81/3/S/2043/49361|14:56:54/6.82/27/B/18414/49342|14:56:51/6.82/198/B/134871/49331|14:56:42/6.81/31/S/21111/49303|14:56:39/6.81/1034/S/704154/49291,20190320153003,-0.15,-2.16,7.00,6.78,6.81/167387/114525582,171673,11744,0.75,20.76,7.00,6.78,3.17,154.81,168.32,1.45,7.65,6.26,0.41,2520,6.84,226.92,11.92
哈高科,600095,5.12,5.06,5.04,128740,62768,65970,5.11,328,5.10,1341,5.09,1029,5.08,263,5.07,892,5.12,689,5.13,1779,5.14,1390,5.15,4308,5.16,614,15:00:04/5.12/2178/S/1115136/50049|14:56:48/5.12/400/B/204800/49324|14:56:42/5.12/5/B/2560/49303|14:56:36/5.11/53/S/27083/49281|14:56:33/5.11/30/S/15330/49271|14:56:30/5.11/56/B/28616/49260,20190320153003,0.06,1.19,5.15,5.01,5.12/126562/64253107,128740,6537,3.56,152.33,5.15,5.01,2.77,18.50,18.50,2.55,5.57,4.55,0.42,-4927,5.08,-525.17,88.33
云天化,600096,6.99,6.58,6.60,228542,130912,97614,6.98,1233,6.97,499,6.96,256,6.95,253,6.94,662,6.99,275,7.00,1164,7.01,184,7.02,1962,7.03,948,15:00:05/6.99/3611/S/2524089/50054|14:56:59/6.99/10/S/6995/49356|14:56:56/7.02/60/B/42095/49346|14:56:53/6.98/50/S/34945/49337|14:56:50/7.02/266/B/186732/49328|14:56:47/7.02/15/B/10530/49319,20190320153003,0.41,6.23,7.09,6.52,6.99/228542/155368172,228542,15537,1.73,37.83,7.09,6.52,8.66,92.36,99.79,2.31,7.24,5.92,2.21,-1630,6.80,90.25,49.44
开创国际,600097,13.35,12.81,12.80,68019,34846,33157,13.34,207,13.33,312,13.32,917,13.31,14,13.30,102,13.35,39,13.36,81,13.37,122,13.38,124,13.39,102,15:00:03/13.35/1253/S/1672755/50044|14:57:03/13.35/148/B/197580/49364|14:56:59/13.35/14/B/18690/49356|14:56:50/13.36/58/B/77476/49328|14:56:47/13.35/23/B/30705/49319|14:56:44/13.35/17/B/22695/49309,20190320153003,0.54,4.22,13.56,12.71,13.35/68019/88899670,68019,8890,3.01,14.78,13.56,12.71,6.64,30.21,32.17,1.97,14.09,11.53,1.00,1084,13.08,19.69,26.25
广州发展,600098,6.36,6.35,6.34,82180,36083,46094,6.36,87,6.35,2241,6.34,233,6.33,124,6.32,93,6.37,1794,6.38,1658,6.39,526,6.40,979,6.41,1150,15:00:05/6.36/1100/S/699600/50054|14:56:53/6.37/1/B/637/49337|14:56:50/6.36/79/B/50250/49328|14:56:47/6.36/79/B/50244/49319|14:56:44/6.35/70/S/44456/49309|14:56:41/6.36/1/B/636/49297,20190320153003,0.01,0.16,6.43,6.30,6.36/82180/52241370,82180,5224,0.30,23.74,6.43,6.30,2.05,173.39,173.39,1.06,6.99,5.72,1.06,-3329,6.36,20.17,25.55
林海股份,600099,7.24,7.16,7.16,37240,19520,17710,7.23,54,7.21,45,7.20,6,7.18,58,7.17,30,7.24,519,7.25,618,7.26,356,7.28,252,7.29,226,15:00:05/7.24/1137/S/823188/50054|14:56:53/7.23/4/B/2892/49337|14:56:38/7.22/2/S/1444/49286|14:56:35/7.23/1/B/723/49277|14:56:31/7.23/15/B/10837/49266|14:56:29/7.22/1/B/722/49254,20190320153003,0.08,1.12,7.26,7.00,7.24/37240/26701049,37240,2670,1.70,-7518.56,7.26,7.00,3.63,15.86,15.86,3.37,7.88,6.44,0.93,-1778,7.17,5736.24,823.26
同方股份,600100,12.10,12.01,12.06,385958,176011,209907,12.09,2600,12.08,783,12.07,633,12.06,68,12.05,217,12.10,1435,12.11,782,12.12,775,12.13,202,12.14,444,15:00:13/12.10/3744/S/4530240/50069|14:57:00/12.09/8/S/9674/49361|14:56:57/12.09/56/S/67710/49351|14:56:54/12.09/106/S/128158/49342|14:56:51/12.09/210/S/253890/49331|14:56:48/12.09/16/S/19344/49324,20190320153003,0.09,0.75,12.34,11.84,12.09/382214/462490614,385958,46702,1.30,-126.05,12.34,11.84,4.16,358.63,358.63,1.79,13.21,10.81,0.70,663,12.10,-46.99,346.04
明星电力,600101,8.96,8.73,8.95,157188,76832,80336,8.96,628,8.95,1802,8.94,278,8.93,169,8.92,169,8.97,497,8.98,364,8.99,869,9.00,2599,9.01,289,15:00:03/8.96/810/S/725760/50044|14:57:03/8.95/60/S/53742/49364|14:56:59/8.96/26/B/23296/49356|14:56:56/8.96/3/B/2688/49346|14:56:53/8.96/4/B/3584/49337|14:56:50/8.96/23/B/20608/49328,20190320153003,0.23,2.63,9.19,8.82,8.96/157188/141223053,157188,14122,4.85,26.55,9.19,8.82,4.24,29.05,29.05,1.34,9.60,7.86,2.03,-1572,8.98,20.75,29.61
青山纸业,600103,3.22,3.24,3.23,121675,48980,72694,3.22,1839,3.21,1638,3.20,1489,3.19,1389,3.18,1836,3.23,4338,3.24,4791,3.25,4071,3.26,1895,3.27,4760,15:00:13/3.22/1521/S/489762/50069|14:56:57/3.23/6/B/1938/49351|14:56:54/3.23/10/B/3230/49342|14:56:48/3.23/57/B/18394/49324|14:56:45/3.23/10/B/3230/49313|14:56:39/3.23/57/B/18411/49291,20190320153003,-0.02,-0.62,3.24,3.17,3.23/120154/38517533,121675,3901,1.15,32.30,3.24,3.17,2.16,34.19,57.11,1.65,3.56,2.92,0.84,-11664,3.21,24.87,54.19
上汽集团,600104,26.38,26.60,26.59,287751,144094,143616,26.38,911,26.37,934,26.36,974,26.35,1146,26.34,202,26.39,276,26.40,335,26.41,146,26.42,410,26.43,291,15:00:05/26.38/2685/S/7083399/50054|14:57:04/26.38/40/B/105520/49371|14:56:59/26.38/169/B/445776/49356|14:56:56/26.37/24/S/63298/49346|14:56:53/26.38/59/B/155642/49337|14:56:50/26.38/73/S/192574/49328,20190320153003,-0.22,-0.83,26.65,26.26,26.38/287751/760557197,287751,76056,0.25,8.23,26.65,26.26,1.47,3034.61,3082.10,1.34,29.26,23.94,0.53,2709,26.43,8.35,8.96
永鼎股份,600105,5.83,5.95,5.87,402814,175394,227403,5.82,52,5.81,200,5.80,362,5.79,999,5.78,1956,5.83,2705,5.84,1823,5.85,1125,5.86,859,5.87,169,15:00:05/5.83/3955/S/2305765/50054|14:57:04/5.79/2/S/1158/49371|14:56:59/5.80/861/M/498523/49356|14:56:56/5.79/1504/S/875112/49346|14:56:53/5.80/17/B/9860/49337|14:56:50/5.80/906/B/526548/49328,20190320153003,-0.12,-2.02,5.91,5.68,5.83/402814/233468046,402814,23347,3.26,31.79,5.91,5.68,3.87,72.14,73.05,2.73,6.55,5.36,0.92,-3112,5.80,51.34,25.06
重庆路桥,600106,3.84,3.80,3.75,339064,171767,167293,3.83,1771,3.82,1113,3.81,1384,3.80,1460,3.79,1187,3.84,1218,3.85,5419,3.86,3214,3.87,2464,3.88,4465,15:00:04/3.84/1891/S/726144/50049|14:56:54/3.84/2/S/703/49342|14:56:51/3.84/87/S/33408/49331|14:56:48/3.84/130/S/49920/49324|14:56:42/3.84/136/S/52224/49303|14:56:39/3.84/902/S/346202/49291,20190320153003,0.04,1.05,3.89,3.71,3.84/337173/128193187,339064,12892,3.09,15.92,3.89,3.71,4.74,42.18,42.18,1.19,4.18,3.42,1.13,-9865,3.81,14.69,15.05
美尔雅,600107,7.90,8.00,7.93,132717,63758,68954,7.89,298,7.88,376,7.87,220,7.86,117,7.85,281,7.90,1770,7.92,1440,7.93,1217,7.94,773,7.95,296,15:00:04/7.90/2557/S/2020030/50049|14:57:00/7.92/2/B/1584/49361|14:56:51/7.91/37/S/29267/49331|14:56:48/7.91/10/B/7910/49324|14:56:45/7.91/7/B/5537/49313|14:56:42/7.90/71/S/56090/49303,20190320153003,-0.10,-1.25,8.06,7.70,7.90/132717/104850707,132717,10485,3.69,402.75,8.06,7.70,4.50,28.44,28.44,5.15,8.80,7.20,0.90,-4204,7.90,-552.78,616.09
亚盛集团,600108,3.45,3.37,3.35,466041,233642,232395,3.44,45745,3.43,22364,3.42,1837,3.41,540,3.40,6242,3.45,13420,3.46,4152,3.47,4537,3.48,5452,3.49,6517,15:00:04/3.45/14016/S/4835520/50049|14:57:00/3.44/728/B/250377/49361|14:56:57/3.44/843/B/289988/49351|14:56:54/3.44/2541/B/874088/49342|14:56:51/3.44/921/B/316809/49331|14:56:48/3.44/73/B/25112/49324,20190320153003,0.08,2.37,3.45,3.30,3.44/452025/152330450,466041,15717,2.39,68.03,3.45,3.30,4.45,67.17,67.17,1.42,3.71,3.03,1.27,42650,3.37,80.40,68.62
国金证券,600109,10.29,10.19,10.14,800714,399657,401026,10.28,6802,10.27,1862,10.26,1157,10.25,392,10.24,883,10.29,1752,10.30,1945,10.31,1422,10.32,2297,10.33,1210,15:00:04/10.29/11410/S/11740890/50049|14:57:00/10.29/500/B/514500/49361|14:56:57/10.28/231/S/237494/49351|14:56:54/10.28/106/S/109048/49342|14:56:51/10.29/160/B/164614/49331|14:56:48/10.28/60/S/61690/49324,20190320153003,0.10,0.98,10.43,10.11,10.29/800714/822815527,800714,82282,2.65,30.13,10.43,10.11,3.14,311.21,311.21,1.62,11.21,9.17,0.96,2470,10.27,32.86,25.90
诺德股份,600110,5.10,5.18,5.13,320979,117521,203454,5.10,833,5.09,1717,5.08,1840,5.07,1292,5.06,1669,5.11,1785,5.12,3135,5.13,698,5.14,643,5.15,1567,15:00:04/5.10/3789/S/1932390/50049|14:57:00/5.10/913/B/465630/49361|14:56:54/5.09/20/S/10180/49342|14:56:51/5.09/138/S/70242/49331|14:56:48/5.10/50/B/25500/49324|14:56:45/5.10/600/B/306000/49313,20190320153003,-0.08,-1.54,5.20,4.97,5.10/320979/163458752,320979,16346,2.79,67.23,5.20,4.97,4.44,58.67,58.67,2.82,5.70,4.66,0.71,-477,5.09,72.39,30.87
北方稀土,600111,11.54,11.89,11.80,873732,353968,519733,11.53,1780,11.52,2518,11.51,1389,11.50,2277,11.49,2295,11.54,121,11.55,2588,11.56,1430,11.57,1834,11.58,1632,15:00:04/11.54/11598/S/13384092/50049|14:57:00/11.53/136/B/156731/49361|14:56:57/11.53/185/B/213302/49351|14:56:54/11.53/24/B/27672/49342|14:56:51/11.53/232/B/267496/49331|14:56:48/11.53/399/B/460047/49324,20190320153003,-0.35,-2.94,11.83,11.32,11.53/862134/994408867,873732,100779,2.40,97.14,11.83,11.32,4.29,419.26,419.26,4.62,13.08,10.70,0.75,2654,11.53,82.88,104.47
天成控股,600112,4.94,4.95,4.84,194344,91396,102943,4.93,196,4.92,1735,4.91,1632,4.90,2282,4.89,500,4.94,472,4.95,2756,4.96,1505,4.97,969,4.98,1421,15:00:04/4.94/3049/S/1506206/50049|14:56:57/4.94/26/B/12844/49351|14:56:53/4.93/18/S/8874/49341|14:56:48/4.94/105/B/51770/49324|14:56:45/4.93/10/S/4930/49313|14:56:42/4.94/11/B/5434/49303,20190320153003,-0.01,-0.20,4.97,4.81,4.94/194344/94993326,194344,9499,3.82,29.84,4.97,4.81,3.23,25.15,25.15,1.98,5.45,4.46,0.68,-778,4.89,23.19,127.37
浙江东日,600113,8.67,8.51,8.47,144227,75011,69208,8.67,942,8.66,790,8.65,455,8.64,368,8.63,122,8.68,2246,8.69,1107,8.70,902,8.71,186,8.72,194,15:00:13/8.67/4285/S/3714652/50069|14:56:57/8.66/92/S/79684/49351|14:56:53/8.66/92/S/79680/49341|14:56:51/8.66/116/S/100374/49331|14:56:48/8.66/65/S/56354/49324|14:56:45/8.67/13/B/11268/49313,20190320153003,0.16,1.88,8.69,8.26,8.66/139942/118861557,144227,12258,3.51,34.08,8.69,8.26,5.05,35.67,35.67,3.03,9.36,7.66,0.96,-1958,8.49,34.08,34.08
东睦股份,600114,8.13,8.28,8.25,148095,52038,96050,8.12,130,8.11,430,8.10,377,8.09,730,8.08,244,8.13,705,8.14,262,8.15,2247,8.16,338,8.17,200,15:00:05/8.13/1171/S/951958/50054|14:56:59/8.13/4/S/3252/49356|14:56:53/8.13/105/S/85443/49337|14:56:50/8.14/15/B/12210/49328|14:56:44/8.13/201/S/163413/49309|14:56:41/8.15/1092/B/888927/49297,20190320153003,-0.15,-1.81,8.25,8.00,8.13/148095/120193413,148095,12019,2.33,15.47,8.25,8.00,3.02,51.58,52.48,1.99,9.11,7.45,0.69,-1841,8.12,15.81,17.49
东方航空,600115,6.29,6.35,6.29,682549,343328,339180,6.29,4979,6.28,1535,6.27,118,6.26,84,6.25,541,6.30,1533,6.31,857,6.32,1826,6.33,2641,6.34,1957,15:00:05/6.29/3443/S/2166176/50054|14:57:04/6.30/83/B/52290/49371|14:56:59/6.30/636/B/400415/49356|14:56:53/6.28/578/S/364030/49337|14:56:50/6.29/2841/B/1789192/49328|14:56:47/6.28/3/S/1884/49319,20190320153003,-0.06,-0.94,6.37,6.10,6.29/682549/424820484,682549,42482,0.70,31.09,6.37,6.10,4.25,616.95,910.01,1.57,6.99,5.72,0.60,-1557,6.22,15.20,14.33
三峡水利,600116,9.96,9.96,0.00,0,0,0,0.00,0,0.00,0,0.00,0,0.00,0,0.00,0,0.00,0,0.00,0,0.00,0,0.00,0,0.00,0,20190320153003,0.00,0.00,0.00,0.00,9.96/0/0,0,0,0.00,31.01,S,0.00,0.00,0.00,98.90,98.90,3.51,10.96,8.96,0.00,0,9.96,42.46,28.80
西宁特钢,600117,4.38,4.31,4.25,409316,202980,206319,4.37,4962,4.36,1302,4.35,987,4.34,501,4.33,392,4.38,2386,4.39,2016,4.40,7819,4.41,3440,4.42,3191,15:00:13/4.38/3973/S/1740174/50069|14:57:00/4.37/410/S/179170/49361|14:56:57/4.38/10/B/4380/49351|14:56:53/4.37/520/S/227314/49341|14:56:51/4.37/916/S/400292/49331|14:56:48/4.37/201/S/87847/49324,20190320153003,0.07,1.62,4.48,4.23,4.37/405343/176332036,409316,17807,5.52,-12.89,4.48,4.23,5.80,32.47,45.78,1.79,4.74,3.88,1.27,-10708,4.35,-5.96,76.53
中国卫星,600118,25.66,26.18,25.90,197202,91923,105207,25.65,463,25.64,227,25.63,50,25.62,290,25.61,54,25.66,363,25.67,299,25.68,310,25.69,202,25.70,485,15:00:04/25.66/1499/S/3846434/50049|14:57:00/25.65/100/S/256500/49361|14:56:57/25.65/29/B/74385/49351|14:56:53/25.65/12/B/30773/49341|14:56:51/25.64/27/S/69247/49331|14:56:48/25.66/46/B/118030/49324,20190320153003,-0.52,-1.99,25.96,25.16,25.65/195703/499739357,197202,50359,1.67,72.65,25.96,25.16,3.06,303.43,303.43,5.54,28.80,23.56,0.51,-575,25.54,72.65,72.65
长江投资,600119,7.73,7.77,7.68,128404,57787,70605,7.73,179,7.72,754,7.71,702,7.70,410,7.69,237,7.74,452,7.75,634,7.76,483,7.77,1776,7.78,659,15:00:13/7.73/2586/S/1998978/50069|14:57:00/7.72/5/S/3860/49361|14:56:53/7.73/30/B/23170/49341|14:56:51/7.71/94/S/72557/49331|14:56:42/7.72/28/M/21629/49303|14:56:36/7.71/8/S/6168/49281,20190320153003,-0.04,-0.51,7.77,7.55,7.73/128404/98719828,128404,9872,4.18,-5.81,7.77,7.55,2.83,23.76,23.76,4.56,8.55,6.99,0.47,-1722,7.69,-6.12,-25.36
浙江东方,600120,18.00,17.75,17.51,166921,80773,86112,18.00,5,17.99,57,17.98,135,17.97,82,17.96,24,18.01,316,18.02,305,18.03,245,18.04,112,18.05,98,15:00:04/18.00/1655/S/2978280/50049|14:57:00/18.00/53/S/95414/49361|14:56:57/18.01/59/B/106259/49351|14:56:53/18.00/31/S/55819/49341|14:56:51/18.01/5/B/9005/49331|14:56:48/18.00/10/S/18000/49324,20190320153003,0.25,1.41,18.35,17.51,18.00/165266/296613344,166921,29959,2.51,22.57,18.35,17.51,4.73,119.72,157.39,1.64,19.53,15.98,0.88,-773,17.95,20.88,21.87
郑州煤电,600121,3.79,3.76,3.76,253147,116307,136828,3.79,807,3.78,2381,3.77,1059,3.76,1508,3.75,1275,3.80,6448,3.81,1107,3.82,1820,3.83,609,3.84,331,15:00:00/3.79/5545/S/2101555/50037|14:57:00/3.78/5/S/1890/49361|14:56:57/3.78/85/S/32200/49351|14:56:53/3.79/355/B/134365/49341|14:56:51/3.79/21/B/7959/49331|14:56:48/3.79/44/B/16668/49324,20190320153003,0.03,0.80,3.80,3.65,3.79/253147/94604385,253147,9460,2.49,21.74,3.80,3.65,3.99,38.48,38.48,1.06,4.14,3.38,1.04,-3285,3.74,17.51,6.13
宏图高科,600122,4.69,4.66,4.66,327686,165233,162451,4.68,437,4.67,2167,4.66,1698,4.65,1621,4.64,317,4.69,519,4.70,3390,4.71,1839,4.72,3132,4.73,1680,15:00:13/4.69/6566/S/3079454/50069|14:56:57/4.68/20/S/9360/49351|14:56:53/4.68/34/B/15890/49341|14:56:51/4.68/165/B/77220/49331|14:56:45/4.68/131/S/61414/49313|14:56:42/4.69/1182/B/553959/49303,20190320153003,0.03,0.64,4.72,4.57,4.68/321120/149255495,327686,15233,2.83,-25.38,4.72,4.57,3.22,54.32,54.32,0.69,5.13,4.19,0.72,-4320,4.65,-11.45,8.93
兰花科创,600123,8.06,7.98,8.10,314998,136280,178708,8.05,1044,8.04,379,8.03,216,8.02,95,8.01,268,8.06,866,8.07,1349,8.08,1709,8.09,2333,8.10,1063,15:00:13/8.06/1608/S/1296048/50069|14:57:00/8.06/176/B/141856/49361|14:56:53/8.06/200/B/161200/49341|14:56:51/8.06/63/B/50778/49331|14:56:48/8.06/103/B/83018/49324|14:56:42/8.06/23/B/18538/49303,20190320153003,0.08,1.00,8.24,7.90,8.06/314998/254726101,314998,25473,2.76,8.96,8.24,7.90,4.26,92.08,92.08,0.91,8.78,7.18,1.35,-5318,8.09,6.99,11.78
铁龙物流,600125,8.47,8.44,8.45,264531,118126,146384,8.47,67,8.46,616,8.45,513,8.44,409,8.43,1239,8.48,5079,8.49,1573,8.50,2491,8.51,1576,8.52,1269,15:00:03/8.47/4050/S/3430334/50043|14:57:00/8.46/5/S/4230/49359|14:56:57/8.46/302/S/255492/49351|14:56:53/8.46/94/S/79554/49341|14:56:51/8.47/42/B/35574/49331|14:56:48/8.46/1244/S/1052644/49324,20190320153003,0.03,0.36,8.57,8.30,8.47/264531/223182946,264531,22318,2.03,23.98,8.57,8.30,3.20,110.58,110.58,1.99,9.28,7.60,0.86,-9144,8.44,20.31,33.43
杭钢股份,600126,5.26,5.26,5.29,144351,55801,88546,5.25,153,5.24,218,5.23,30,5.22,99,5.21,144,5.26,48,5.27,2455,5.28,2917,5.29,1030,5.30,1193,15:00:04/5.26/1766/S/928916/50049|14:57:00/5.27/56/B/29512/49361|14:56:51/5.26/14/S/7364/49331|14:56:48/5.26/14/S/7364/49324|14:56:45/5.26/46/S/24196/49313|14:56:42/5.26/150/S/78900/49303,20190320153003,0.00,0.00,5.29,5.13,5.26/144351/75291338,144351,7529,1.20,8.03,5.29,5.13,3.04,63.39,177.64,0.98,5.79,4.73,0.71,-6999,5.22,8.30,9.89
金健米业,600127,3.61,3.62,3.66,60626,25544,35081,3.61,574,3.60,1112,3.59,807,3.58,883,3.57,261,3.62,809,3.63,688,3.64,464,3.65,834,3.66,1185,15:00:04/3.61/2218/S/800698/50049|14:57:00/3.61/3/S/1083/49361|14:56:57/3.61/10/S/3610/49351|14:56:53/3.61/10/S/3610/49341|14:56:48/3.62/203/B/73486/49324|14:56:45/3.61/14/S/5054/49313,20190320153003,-0.01,-0.28,3.66,3.56,3.61/60626/21804526,60626,2180,0.94,-148.41,3.66,3.56,2.76,23.17,23.17,3.14,3.98,3.26,0.63,-343,3.60,-99.12,211.28
弘业股份,600128,9.87,10.07,10.17,239715,114198,125471,9.87,1526,9.86,685,9.85,508,9.84,539,9.83,359,9.88,1361,9.89,99,9.90,207,9.91,71,9.92,86,15:00:04/9.87/2528/S/2495136/50049|14:56:57/9.86/10/S/9860/49351|14:56:53/9.86/90/B/88740/49341|14:56:51/9.86/8/B/7888/49331|14:56:48/9.86/52/B/51269/49324|14:56:45/9.85/135/S/133043/49313,20190320153003,-0.20,-1.99,10.34,9.62,9.86/237187/236638843,239715,23913,9.71,-71.38,10.34,9.62,7.15,24.36,24.36,1.84,11.08,9.06,0.82,1793,9.98,-45.18,198.60
太极集团,600129,11.74,11.32,11.32,84358,47357,36974,11.73,23,11.72,358,11.71,40,11.70,68,11.69,315,11.74,180,11.75,472,11.76,73,11.77,143,11.78,115,15:00:03/11.74/715/S/839410/50044|14:56:59/11.74/3/B/3522/49356|14:56:56/11.74/1/B/1174/49346|14:56:53/11.74/1/B/1174/49337|14:56:50/11.74/34/B/39912/49328|14:56:47/11.72/56/S/65742/49319,20190320153003,0.42,3.71,11.94,11.28,11.74/84358/98405260,84358,9841,1.55,39.30,11.94,11.28,5.83,63.85,65.38,2.03,12.45,10.19,1.66,-179,11.67,33.47,66.62
波导股份,600130,4.58,4.62,4.60,283014,114919,168087,4.57,2312,4.56,1916,4.55,2011,4.54,864,4.53,765,4.58,1124,4.59,2239,4.60,2431,4.61,1807,4.62,1220,15:00:05/4.58/3252/S/1489416/50054|14:56:59/4.58/141/B/64477/49356|14:56:56/4.58/26/B/11904/49346|14:56:53/4.57/50/S/22850/49337|14:56:50/4.57/33/S/15081/49328|14:56:47/4.57/69/B/31579/49319,20190320153003,-0.04,-0.87,4.62,4.43,4.58/283014/128273302,283014,12827,3.69,-77.99,4.62,4.43,4.11,35.17,35.17,4.01,5.08,4.16,0.69,-953,4.53,75.35,-23.03
岷江水电,600131,20.48,20.58,20.08,306481,141333,165026,20.47,8,20.45,5,20.41,31,20.40,3,20.39,16,20.48,7339,20.49,2,20.50,108,20.52,1,20.54,20,15:00:05/20.48/13089/S/26806170/50054|14:57:04/20.61/101/S/208401/49371|14:56:59/20.65/467/B/963455/49356|14:56:56/20.60/107/S/220511/49346|14:56:53/20.60/284/S/585043/49337|14:56:50/20.60/59/S/121555/49328,20190320153003,-0.10,-0.49,21.15,19.81,20.48/306481/627793815,306481,62779,7.52,79.10,21.15,19.81,6.51,83.49,103.24,8.36,22.64,18.52,0.53,-7407,20.49,70.50,129.02
重庆啤酒,600132,34.67,33.79,33.66,33334,18406,14898,34.66,33,34.65,16,34.64,5,34.61,5,34.60,14,34.67,325,34.68,186,34.69,138,34.70,110,34.71,44,15:00:03/34.67/361/S/1251587/50044|14:56:56/34.68/2/B/6936/49346|14:56:50/34.67/3/S/10401/49328|14:56:47/34.68/2/B/6936/49319|14:56:44/34.68/1/B/3468/49309|14:56:38/34.68/3/B/10404/49286,20190320153003,0.88,2.60,34.85,33.66,34.67/33334/115165829,33334,11517,0.69,42.15,34.85,33.66,3.52,167.79,167.79,14.45,37.17,30.41,1.01,-730,34.55,32.72,50.93
东湖高新,600133,7.61,7.62,7.55,299875,142145,157713,7.61,3033,7.60,1500,7.59,455,7.58,577,7.57,332,7.62,1795,7.63,587,7.64,437,7.65,859,7.66,221,15:00:03/7.61/2421/S/1842381/50043|14:56:56/7.61/60/B/45660/49346|14:56:50/7.61/51/S/38811/49328|14:56:47/7.61/20/S/15220/49319|14:56:44/7.61/126/B/95886/49309|14:56:41/7.60/30/S/22800/49297,20190320153003,-0.01,-0.13,7.83,7.40,7.61/299875/227980310,299875,22798,5.02,14.66,7.83,7.40,5.64,45.42,55.23,1.51,8.38,6.86,0.73,1998,7.60,22.16,5.98
乐凯胶片,600135,8.25,8.22,8.21,99836,39414,60411,8.24,830,8.23,825,8.22,117,8.21,404,8.20,300,8.25,200,8.26,414,8.27,218,8.28,238,8.29,273,15:00:05/8.25/2426/S/2001450/50054|14:56:59/8.23/29/S/23867/49356|14:56:56/8.23/8/S/6584/49346|14:56:50/8.23/15/S/12345/49328|14:56:47/8.23/152/B/125173/49319|14:56:44/8.22/571/S/469932/49309,20190320153003,0.03,0.36,8.26,8.00,8.25/99836/81320466,99836,8132,2.68,192.18,8.26,8.00,3.16,30.77,30.77,1.81,9.04,7.40,0.82,1133,8.15,87.75,51.95
当代明诚,600136,13.13,13.40,13.53,77204,32664,44510,13.12,674,13.11,25,13.10,170,13.09,36,13.07,39,13.13,16,13.14,2,13.15,139,13.16,94,13.17,13,15:00:13/13.13/534/S/701142/50069|14:57:00/13.12/3/S/3936/49361|14:56:57/13.12/8/B/10496/49351|14:56:53/13.10/89/S/116600/49341|14:56:45/13.10/150/S/196649/49313|14:56:39/13.11/23/S/30153/49291,20190320153003,-0.27,-2.01,13.85,12.75,13.13/77204/101375117,77204,10138,1.72,30.72,13.85,12.75,8.21,58.90,63.97,2.36,14.74,12.06,0.63,680,13.13,36.87,49.92
浪莎股份,600137,15.91,15.98,15.98,11888,4222,7662,15.91,222,15.90,67,15.89,1,15.88,6,15.87,1,15.92,51,15.93,7,15.94,26,15.95,36,15.96,10,15:00:04/15.91/171/S/272061/50049|14:57:00/15.91/14/B/22274/49361|14:56:42/15.91/5/B/7955/49303|14:56:39/15.90/15/S/23850/49291|14:56:36/15.90/21/S/33390/49281|14:56:33/15.90/2/S/3180/49271,20190320153003,-0.07,-0.44,16.17,15.51,15.91/11888/18765350,11888,1877,1.22,64.19,16.17,15.51,4.13,15.47,15.47,3.14,17.58,14.38,0.61,167,15.79,53.37,67.39
中青旅,600138,16.45,16.48,16.56,79768,33810,45919,16.44,281,16.43,1175,16.42,30,16.41,60,16.40,382,16.45,640,16.46,126,16.47,107,16.48,241,16.49,136,15:00:04/16.45/1038/S/1707510/50049|14:57:00/16.43/14/S/23002/49361|14:56:53/16.44/4/B/6574/49341|14:56:51/16.43/7/S/11501/49331|14:56:36/16.44/29/S/49095/49281|14:56:30/16.44/7/S/11509/49260,20190320153003,-0.03,-0.18,16.66,16.10,16.45/79768/130647220,79768,13065,1.10,19.30,16.66,16.10,3.40,119.07,119.07,1.96,18.13,14.83,0.85,678,16.38,16.34,20.83
西部资源,600139,4.81,4.70,4.70,327565,164320,163232,4.81,1440,4.80,1735,4.79,991,4.78,1323,4.77,1245,4.82,1117,4.83,2419,4.84,1884,4.85,3385,4.86,873,15:00:04/4.81/3149/S/1514669/50049|14:56:53/4.80/83/S/39840/49341|14:56:48/4.81/443/B/213073/49324|14:56:45/4.80/141/S/67680/49313|14:56:42/4.81/64/B/30730/49303|14:56:36/4.81/187/B/89830/49281,20190320153003,0.11,2.34,4.99,4.60,4.80/324416/156590220,327565,15810,4.95,-7.03,4.99,4.60,8.30,31.84,31.84,8.42,5.17,4.23,1.12,-2944,4.83,-65.93,-5.31
兴发集团,600141,11.98,11.90,11.96,171605,78724,92864,11.97,1029,11.96,396,11.95,298,11.94,45,11.93,116,11.98,982,11.99,1072,12.00,1936,12.01,751,12.02,500,15:00:00/11.98/5571/S/6674058/50037|14:57:00/11.98/23/B/27551/49361|14:56:57/11.97/30/S/35910/49351|14:56:53/11.98/51/B/61098/49341|14:56:48/11.98/221/B/264758/49324|14:56:45/11.98/10/B/11980/49313,20190320153003,0.08,0.67,12.04,11.70,11.98/171605/204179894,171605,20418,2.40,18.48,12.04,11.70,2.86,85.49,87.12,1.30,13.09,10.71,0.81,-3357,11.90,16.69,27.14
金发科技,600143,5.69,5.46,5.47,367366,177866,189472,5.68,942,5.67,550,5.66,552,5.65,576,5.64,325,5.69,1285,5.70,2957,5.71,1124,5.72,1439,5.73,2543,15:00:04/5.69/3050/S/1735450/50049|14:57:00/5.69/162/B/92128/49361|14:56:57/5.68/20/S/11360/49351|14:56:51/5.69/1/B/569/49331|14:56:48/5.68/39/S/22180/49324|14:56:45/5.69/795/B/451855/49313,20190320153003,0.23,4.21,5.79,5.43,5.69/367366/208402744,367366,20840,1.44,20.77,5.79,5.43,6.59,145.66,154.59,1.50,6.01,4.91,2.53,-6403,5.67,17.72,28.21
*ST新亿,600145,1.87,1.87,0.00,0,0,0,0.00,0,0.00,0,0.00,0,0.00,0,0.00,0,0.00,0,0.00,0,0.00,0,0.00,0,0.00,0,20190320153003,0.00,0.00,0.00,0.00,1.87/0/0,0,0,0.00,57.56,S,0.00,0.00,0.00,27.88,27.88,4.18,1.96,1.78,0.00,0,1.87,49.79,272.43
商赢环球,600146,9.28,8.44,8.59,410900,249085,161768,9.28,18928,9.27,385,9.26,45,9.25,92,9.24,19,0.00,0,0.00,0,0.00,0,0.00,0,0.00,0,15:00:04/9.28/1441/S/1337248/50049|14:57:00/9.28/3/S/2784/49361|14:56:57/9.28/44/S/40832/49351|14:56:51/9.28/20/S/18560/49331|14:56:45/9.28/102/S/94656/49313|14:56:42/9.28/202/S/187456/49303,20190320153003,0.84,9.95,9.28,8.50,9.28/409459/366331988,410900,36767,20.55,46.26,9.28,8.50,9.24,18.56,43.61,1.42,9.28,7.60,1.79,19469,8.95,-72.72,20.69
长春一东,600148,18.43,18.47,18.50,24837,11222,13609,18.43,116,18.42,219,18.41,9,18.40,2,18.39,41,18.44,137,18.45,88,18.46,42,18.47,63,18.48,109,15:00:04/18.43/406/S/748258/50049|14:57:00/18.43/8/S/14744/49361|14:56:53/18.44/32/B/59008/49341|14:56:51/18.43/15/S/27645/49331|14:56:45/18.43/20/S/36860/49313|14:56:42/18.43/16/S/29488/49303,20190320153003,-0.04,-0.22,18.51,18.00,18.43/24431/44596364,24837,4534,1.76,110.21,18.51,18.00,2.76,26.08,26.08,6.40,20.32,16.62,0.77,-52,18.25,80.98,145.02
ST坊展,600149,6.28,6.09,6.09,70817,39873,30943,6.23,48,6.22,16,6.21,185,6.20,296,6.19,173,6.28,608,6.29,158,6.30,631,6.31,250,6.32,6,15:00:04/6.28/3137/S/1970036/50049|14:57:00/6.20/10/S/6200/49361|14:56:45/6.21/15/B/9315/49313|14:56:42/6.21/201/S/124836/49303|14:56:39/6.21/176/S/109296/49291|14:56:36/6.22/24/B/14928/49281,20190320153003,0.19,3.12,6.28,6.02,6.28/70817/43692722,70817,4369,1.86,164.27,6.28,6.02,4.27,23.87,23.87,12.37,6.39,5.79,1.46,-935,6.17,-158.59,117.06
*ST船舶,600150,18.31,19.16,19.20,311765,148073,163646,18.31,274,18.30,1569,18.29,22,18.28,448,18.27,163,18.32,13,18.33,554,18.34,1403,18.35,1282,18.36,1048,15:00:05/18.31/3875/S/7095125/50054|14:57:04/18.36/20/S/36714/49371|14:56:59/18.36/10/M/18358/49356|14:56:56/18.35/155/S/284434/49346|14:56:53/18.35/9/S/16515/49337|14:56:50/18.35/78/S/143130/49328,20190320153003,-0.85,-4.44,19.33,18.20,18.31/311765/578453108,311765,57845,2.26,51.58,19.33,18.20,5.90,252.33,252.33,1.67,20.12,18.20,1.36,-1824,18.55,51.58,51.58
航天机电,600151,6.17,5.72,5.75,735679,367636,368015,6.16,4351,6.15,709,6.14,67,6.13,174,6.12,1201,6.17,12961,6.18,5112,6.19,2020,6.20,2571,6.21,1339,15:00:05/6.17/11406/S/7037502/50054|14:57:04/6.18/132/B/81576/49371|14:56:59/6.18/783/S/484015/49356|14:56:56/6.19/434/B/268328/49346|14:56:53/6.19/172/B/106306/49337|14:56:50/6.18/895/S/552986/49328,20190320153003,0.45,7.87,6.29,5.65,6.17/735679/438742912,735679,43874,5.30,-28.81,6.29,5.65,11.19,85.68,88.49,1.61,6.29,5.15,1.85,-17501,5.97,-27.42,-28.63
维科技术,600152,7.35,7.45,7.47,80708,32188,48517,7.34,1282,7.33,223,7.32,3301,7.31,3129,7.30,755,7.35,77,7.36,609,7.37,426,7.38,372,7.39,217,15:00:13/7.35/336/S/246960/50069|14:57:00/7.35/1/B/735/49361|14:56:57/7.35/48/B/35242/49351|14:56:51/7.34/42/S/30838/49331|14:56:45/7.35/52/B/38220/49313|14:56:42/7.35/150/B/110250/49303,20190320153003,-0.10,-1.34,7.47,7.19,7.35/80708/59226507,80708,5923,2.74,43.51,7.47,7.19,3.76,21.68,32.41,2.18,8.20,6.71,0.79,6989,7.34,25.18,194.90
建发股份,600153,8.85,8.91,8.88,289414,122714,166670,8.84,420,8.83,818,8.82,195,8.81,693,8.80,1826,8.85,49,8.86,1422,8.87,177,8.88,397,8.89,1425,15:00:13/8.85/3353/S/2967405/50069|14:57:00/8.83/10/B/8830/49361|14:56:57/8.83/39/B/34432/49351|14:56:53/8.83/36/B/31788/49341|14:56:51/8.83/50/B/44150/49331|14:56:48/8.83/90/B/79470/49324,20190320153003,-0.06,-0.67,9.02,8.77,8.83/286061/253719844,289414,25669,1.02,7.34,9.02,8.77,2.81,250.92,250.92,1.02,9.80,8.02,1.16,482,8.87,10.96,7.53
华创阳安,600155,10.77,10.65,10.60,302610,138551,164033,10.76,47,10.75,744,10.74,374,10.73,550,10.72,169,10.77,399,10.78,525,10.79,1618,10.80,1494,10.81,420,15:00:04/10.77/5306/S/5714562/50049|14:57:00/10.75/30/B/32250/49361|14:56:53/10.75/22/B/23650/49341|14:56:51/10.75/341/B/366553/49331|14:56:48/10.75/19/B/20425/49324|14:56:45/10.74/4/S/4296/49313,20190320153003,0.12,1.13,10.88,10.48,10.75/297304/318006932,302610,32372,2.68,123.06,10.88,10.48,3.76,121.51,187.35,1.25,11.72,9.59,0.87,-2572,10.70,56.65,143.10
华升股份,600156,7.99,7.26,7.14,724409,403993,320346,7.99,25691,7.98,86,7.97,50,7.96,10,7.95,1,0.00,0,0.00,0,0.00,0,0.00,0,0.00,0,15:00:04/7.99/2117/S/1691483/50049|14:56:36/7.99/120/S/95880/49281|14:56:18/7.99/200/S/159800/49219|14:56:15/7.99/15/S/11985/49209|14:55:53/7.99/100/S/79900/49131|14:55:51/7.99/28/S/22372/49122,20190320153003,0.73,10.06,7.99,7.14,7.99/724409/551075792,724409,55108,18.02,-53.78,7.99,7.14,11.71,32.13,32.13,5.35,7.99,6.53,2.05,25838,7.61,-112.68,-37.11
永泰能源,600157,2.26,2.30,2.27,2921890,1345910,1575979,2.26,16090,2.25,49330,2.24,29093,2.23,26514,2.22,41642,2.27,37228,2.28,21529,2.29,25893,2.30,47135,2.31,22015,15:00:00/2.26/35594/S/8044361/50037|14:57:00/2.25/2894/S/652717/49361|14:56:57/2.25/3198/S/721064/49351|14:56:53/2.26/1500/B/338950/49341|14:56:51/2.26/1591/B/359466/49331|14:56:48/2.26/497/B/112322/49324,20190320153003,-0.04,-1.74,2.32,2.21,2.26/2921890/660872964,2921890,66087,2.35,126.60,2.32,2.21,4.78,280.82,280.82,1.15,2.53,2.07,0.72,8869,2.26,677.60,46.62
中体产业,600158,11.88,11.68,11.55,379728,187431,192231,11.87,1625,11.86,245,11.85,473,11.84,120,11.83,125,11.88,185,11.89,1017,11.90,2140,11.91,520,11.92,1166,15:00:04/11.88/3656/S/4343328/50049|14:57:00/11.87/5/S/5935/49361|14:56:57/11.87/10/S/11870/49351|14:56:53/11.87/20/S/23740/49341|14:56:51/11.87/270/B/320290/49331|14:56:48/11.87/21/B/24926/49324,20190320153003,0.20,1.71,12.18,11.55,11.87/376072/445555780,379728,44990,5.78,119.46,12.18,11.55,5.39,78.11,100.24,5.91,12.85,10.51,1.19,-2440,11.85,119.46,119.46
大龙地产,600159,3.26,3.15,3.17,195370,116269,79096,3.25,199,3.24,989,3.23,793,3.22,72,3.21,542,3.26,1545,3.27,1046,3.28,1314,3.29,1765,3.30,2150,15:00:05/3.26/1599/S/521274/50054|14:56:59/3.26/8/B/2608/49356|14:56:56/3.26/10/B/3260/49346|14:56:53/3.26/11/B/3586/49337|14:56:44/3.26/394/B/128444/49309|14:56:41/3.26/2/B/652/49297,20190320153003,0.11,3.49,3.29,3.13,3.26/195370/62649313,195370,6265,2.35,96.99,3.29,3.13,5.08,27.06,27.06,1.25,3.47,2.84,1.93,-5225,3.21,-66.78,128.29
巨化股份,600160,8.42,8.55,8.57,349876,151885,197977,8.42,1934,8.41,1129,8.40,1305,8.39,828,8.38,338,8.43,1447,8.44,792,8.45,1388,8.46,1119,8.47,340,15:00:04/8.42/2699/S/2272979/50049|14:57:00/8.42/60/B/50520/49361|14:56:53/8.41/30/S/25250/49341|14:56:48/8.41/20/S/16820/49324|14:56:45/8.42/65/B/54670/49313|14:56:42/8.41/59/S/49673/49303,20190320153003,-0.13,-1.52,8.60,8.27,8.42/349876/293938422,349876,29394,1.32,12.98,8.60,8.27,3.86,223.84,231.14,1.88,9.41,7.70,0.71,448,8.40,10.49,24.71
天坛生物,600161,23.94,23.79,23.86,79664,38739,40868,23.93,85,23.92,120,23.91,20,23.90,189,23.89,2,23.94,2324,23.95,201,23.96,94,23.97,2706,23.99,9,15:00:04/23.94/409/S/979146/50049|14:57:00/23.93/4/B/9572/49361|14:56:53/23.93/26/B/62218/49341|14:56:51/23.93/15/B/35895/49331|14:56:48/23.92/3/S/7177/49324|14:56:42/23.93/59/B/141137/49303,20190320153003,0.15,0.63,24.55,23.77,23.94/79664/192043594,79664,19204,0.91,36.26,24.55,23.77,3.28,208.55,208.55,6.30,26.17,21.41,1.03,-4918,24.10,39.44,17.67
香江控股,600162,2.91,2.85,2.86,434737,243308,191427,2.90,6292,2.89,1904,2.88,4521,2.87,646,2.86,1536,2.91,8809,2.92,11693,2.93,11720,2.94,6944,2.95,6989,15:00:03/2.91/3842/S/1118022/50044|14:57:03/2.90/50/S/14500/49364|14:56:59/2.91/2/B/582/49356|14:56:56/2.91/20/B/5820/49346|14:56:50/2.91/44/B/12804/49328|14:56:47/2.90/11/S/3199/49319,20190320153003,0.06,2.11,2.93,2.79,2.91/434737/124486080,434737,12449,1.46,14.40,2.93,2.79,4.91,86.57,98.92,2.06,3.14,2.57,1.13,-31256,2.86,26.27,12.11
中闽能源,600163,4.04,3.98,3.96,59593,32752,26840,4.03,1191,4.02,613,4.01,1540,4.00,534,3.99,489,4.04,1221,4.05,2652,4.06,2895,4.07,4233,4.08,1531,15:00:03/4.04/1321/S/533684/50044|14:57:03/4.03/1/S/403/49364|14:56:50/4.04/20/B/8080/49328|14:56:47/4.04/1/B/404/49319|14:56:41/4.04/1/B/404/49297|14:56:38/4.04/205/B/82620/49286,20190320153003,0.06,1.51,4.06,3.94,4.04/59593/23970135,59593,2397,0.60,24.41,4.06,3.94,3.02,40.38,40.38,2.21,4.38,3.58,0.84,-8165,4.02,31.35,26.31
新日恒力,600165,5.68,5.37,5.37,633055,362030,271010,5.68,2632,5.67,4809,5.66,1191,5.65,873,5.64,233,5.69,1069,5.70,2217,5.71,2276,5.72,2525,5.73,1953,15:00:05/5.68/6157/S/3496892/50054|14:57:04/5.67/13/B/7371/49371|14:56:59/5.67/193/B/109431/49356|14:56:56/5.67/150/B/85050/49346|14:56:53/5.67/216/B/122472/49337|14:56:50/5.67/337/S/191371/49328,20190320153003,0.31,5.77,5.81,5.34,5.68/633055/351693023,633055,35169,9.24,98.87,5.81,5.34,8.75,38.90,38.90,4.51,5.91,4.83,2.03,-302,5.56,8861.02,101.76
福田汽车,600166,2.42,2.39,2.38,1826027,1011795,814229,2.41,17732,2.40,24516,2.39,14657,2.38,17700,2.37,11918,2.42,14219,2.43,16992,2.44,9278,2.45,9893,2.46,5866,15:00:04/2.42/15649/S/3787058/50049|14:57:00/2.42/8/S/1936/49361|14:56:57/2.42/3/S/726/49351|14:56:53/2.42/63/S/15246/49341|14:56:51/2.43/782/B/189551/49331|14:56:48/2.42/550/S/133100/49324,20190320153003,0.03,1.26,2.52,2.37,2.42/1810378/441977425,1826027,44576,2.74,-9.38,2.52,2.37,6.28,161.42,161.42,0.95,2.63,2.15,1.20,30275,2.44,-7.15,144.22
联美控股,600167,13.16,13.82,13.71,50634,17313,33294,13.16,1248,13.15,94,13.14,104,13.13,50,13.12,63,13.17,523,13.18,130,13.19,511,13.20,18,13.22,5,15:00:13/13.16/1295/S/1704220/50069|14:56:57/13.16/203/S/267240/49351|14:56:53/13.17/9/B/11849/49341|14:56:51/13.16/1/S/1316/49331|14:56:48/13.16/8/S/10533/49324|14:56:45/13.16/47/S/61858/49313,20190320153003,-0.66,-4.78,13.79,13.10,13.16/49339/65379311,50634,6708,0.62,17.59,13.79,13.10,4.99,108.15,231.63,3.79,15.20,12.44,0.81,372,13.24,17.59,17.59
武汉控股,600168,7.10,7.11,7.09,51762,20887,30875,7.09,273,7.08,302,7.07,50,7.06,32,7.05,458,7.10,36,7.11,731,7.12,948,7.13,467,7.14,266,15:00:04/7.10/367/S/260570/50049|14:56:36/7.10/7/B/4970/49281|14:56:24/7.10/280/B/198778/49239|14:56:21/7.09/108/S/76572/49227|14:56:13/7.09/10/S/7090/49197|14:55:57/7.09/100/S/70900/49143,20190320153003,-0.01,-0.14,7.14,6.95,7.10/51762/36482649,51762,3648,0.73,17.21,7.14,6.95,2.67,50.38,50.38,1.02,7.82,6.40,0.87,-1333,7.04,16.60,15.36
太原重工,600169,3.05,3.05,3.05,212653,89274,123377,3.04,2604,3.03,5450,3.02,1199,3.01,3029,3.00,2320,3.05,2350,3.06,5213,3.07,1765,3.08,3810,3.09,1454,15:00:03/3.05/1232/S/375760/50043|14:57:03/3.05/93/B/28365/49364|14:56:59/3.05/80/B/24389/49356|14:56:56/3.04/100/S/30400/49346|14:56:50/3.05/20/B/6100/49328|14:56:41/3.05/133/B/40515/49297,20190320153003,0.00,0.00,3.06,2.98,3.05/212653/64255973,212653,6426,0.83,188.91,3.06,2.98,2.62,78.20,78.20,1.89,3.36,2.75,0.72,10,3.02,898.81,149.80
上海建工,600170,3.85,3.87,3.87,503039,227015,276015,3.85,2137,3.84,4223,3.83,3750,3.82,748,3.81,1199,3.86,3110,3.87,12584,3.88,14781,3.89,5860,3.90,10404,15:00:05/3.85/2629/S/1011880/50054|14:57:04/3.86/36/B/13896/49371|14:56:59/3.85/1/S/385/49356|14:56:47/3.85/30/S/11550/49319|14:56:44/3.86/960/B/370160/49309|14:56:41/3.85/171/S/65985/49297,20190320153003,-0.02,-0.52,3.88,3.77,3.85/503039/192915942,503039,19292,0.59,12.56,3.88,3.77,2.84,326.75,342.82,1.45,4.26,3.48,0.63,-34682,3.83,12.56,12.56
上海贝岭,600171,13.42,13.55,13.54,278379,127832,150482,13.41,88,13.40,630,13.39,576,13.38,870,13.37,3639,13.42,1581,13.43,744,13.44,598,13.45,671,13.46,705,15:00:04/13.42/2711/S/3638162/50049|14:57:00/13.42/13/S/17446/49361|14:56:57/13.42/44/S/59048/49351|14:56:53/13.42/25/S/33550/49341|14:56:51/13.42/179/B/240158/49331|14:56:48/13.41/158/S/211984/49324,20190320153003,-0.13,-0.96,13.59,13.00,13.42/275668/366234367,278379,36987,4.13,85.69,13.59,13.00,4.35,90.42,93.89,3.94,14.91,12.20,0.60,1504,13.29,79.63,54.07
黄河旋风,600172,4.53,4.57,4.56,322638,141893,180740,4.53,2246,4.52,4596,4.51,1564,4.50,3952,4.49,1768,4.54,2962,4.55,2604,4.56,2493,4.57,5073,4.58,1589,15:00:05/4.53/3946/S/1787538/50054|14:56:59/4.53/114/S/51556/49356|14:56:56/4.53/49/B/22197/49346|14:56:53/4.53/237/B/107361/49337|14:56:50/4.53/151/B/68403/49328|14:56:47/4.53/347/B/157191/49319,20190320153003,-0.04,-0.88,4.56,4.40,4.53/322638/144873583,322638,14487,2.82,155.61,4.56,4.40,3.50,51.85,65.75,1.37,5.03,4.11,0.61,-595,4.49,48.56,127.85
卧龙地产,600173,5.07,4.97,4.96,138543,73337,65198,5.06,98,5.05,531,5.04,671,5.03,390,5.02,263,5.07,470,5.08,74,5.09,850,5.10,2483,5.11,1017,15:00:05/5.07/341/S/172887/50054|14:56:59/5.05/8/S/4040/49356|14:56:56/5.05/206/S/104136/49346|14:56:53/5.06/35/B/17710/49337|14:56:50/5.05/4/S/1752/49328|14:56:47/5.06/25/B/12650/49319,20190320153003,0.10,2.01,5.11,4.87,5.07/138543/69342200,138543,6934,1.98,8.76,5.11,4.87,4.83,35.44,35.57,1.75,5.47,4.47,1.40,-2941,5.01,8.50,11.30
美都能源,600175,2.93,3.00,2.97,1338221,598809,739409,2.92,8457,2.91,9735,2.90,10891,2.89,1882,2.88,6458,2.93,4191,2.94,9935,2.95,14523,2.96,6462,2.97,5136,15:00:05/2.93/19071/S/5587803/50054|14:57:04/2.92/558/S/163436/49371|14:56:59/2.93/3/B/879/49356|14:56:56/2.93/67/B/19631/49346|14:56:53/2.93/707/B/206963/49337|14:56:50/2.93/749/B/219003/49328,20190320153003,-0.07,-2.33,2.99,2.84,2.93/1338221/390550376,1338221,39055,5.46,59.52,2.99,2.84,5.00,71.82,104.79,0.96,3.30,2.70,0.99,-2824,2.92,54.04,181.02
中国巨石,600176,11.00,10.76,10.75,977638,498390,479226,11.00,4506,10.99,3023,10.98,1902,10.97,2308,10.96,651,11.01,3372,11.02,4836,11.03,2609,11.04,3380,11.05,4268,15:00:05/11.00/11329/S/12462120/50054|14:57:04/10.98/33/B/36215/49371|14:56:59/10.97/634/S/696042/49356|14:56:56/10.98/484/B/531432/49346|14:56:53/10.97/60/S/65820/49337|14:56:50/10.98/191/B/209707/49328,20190320153003,0.24,2.23,11.11,10.55,11.00/977638/1059182575,977638,105918,2.79,15.34,11.11,10.55,5.20,385.25,385.25,2.82,11.84,9.68,1.28,-6075,10.84,15.11,17.92
雅戈尔,600177,8.75,8.56,8.60,291392,160853,130532,8.75,1326,8.74,1808,8.73,932,8.72,1021,8.71,1237,8.76,3045,8.77,3437,8.78,2331,8.79,1758,8.80,2938,15:00:03/8.75/8939/S/7821835/50044|14:56:59/8.75/23/S/20138/49356|14:56:56/8.76/45/B/39420/49346|14:56:53/8.75/66/S/57763/49337|14:56:50/8.76/99/B/86529/49328|14:56:47/8.75/139/S/121670/49319,20190320153003,0.19,2.22,8.76,8.45,8.75/291392/251354422,291392,25135,0.81,-782.36,8.76,8.45,3.62,313.38,313.38,1.21,9.42,7.70,1.84,-7185,8.63,10.04,105.61
东安动力,600178,5.72,5.65,5.65,99445,52762,46675,5.71,341,5.70,136,5.69,241,5.68,101,5.67,140,5.72,144,5.73,242,5.74,723,5.75,253,5.76,141,15:00:05/5.72/1292/S/739024/50054|14:56:59/5.71/52/B/29692/49356|14:56:56/5.71/5/B/2855/49346|14:56:53/5.71/111/B/63376/49337|14:56:47/5.71/130/B/74230/49319|14:56:44/5.71/2/B/1142/49309,20190320153003,0.07,1.24,5.84,5.55,5.72/99445/56749643,99445,5675,2.15,41.82,5.84,5.55,5.13,26.43,26.43,1.37,6.22,5.09,1.39,-544,5.71,30.00,61.85
安通控股,600179,8.03,7.96,7.95,124621,63301,61311,8.02,493,8.01,131,8.00,513,7.99,321,7.98,329,8.03,145,8.04,1423,8.05,2695,8.06,1662,8.07,1006,15:00:05/8.03/1864/S/1496792/50054|14:57:04/8.02/8/S/6416/49371|14:56:59/8.03/7/B/5616/49356|14:56:56/8.03/4/B/3212/49346|14:56:53/8.02/726/B/582677/49337|14:56:50/8.01/11/S/8812/49328,20190320153003,0.07,0.88,8.08,7.85,8.03/124621/99289273,124621,9929,1.85,17.10,8.08,7.85,2.89,54.09,119.40,3.51,8.76,7.16,0.91,-5144,7.97,17.51,21.62
瑞茂通,600180,9.86,9.86,9.76,30271,15666,14596,9.85,422,9.84,29,9.83,12,9.82,4,9.81,61,9.86,230,9.87,144,9.88,304,9.89,370,9.90,166,15:00:04/9.86/581/S/572866/50049|14:56:57/9.85/51/S/50242/49351|14:56:51/9.86/11/S/10846/49331|14:56:45/9.86/8/S/7889/49313|14:56:36/9.86/15/S/14790/49281|14:56:33/9.86/209/B/206074/49271,20190320153003,0.00,0.00,9.93,9.62,9.86/30271/29672151,30271,2967,0.30,13.56,9.93,9.62,3.14,100.22,100.22,1.78,10.85,8.87,0.36,-686,9.80,19.90,14.01
S佳通,600182,17.80,17.88,17.88,46116,19140,26961,17.80,49,17.79,181,17.78,140,17.77,22,17.76,63,17.81,275,17.82,45,17.83,35,17.84,15,17.85,1549,15:00:04/17.80/312/S/555360/50049|14:57:00/17.79/52/B/92508/49361|14:56:57/17.79/49/B/87154/49351|14:56:53/17.79/188/B/334452/49341|14:56:36/17.78/119/B/211565/49281|14:56:33/17.77/4/S/7108/49271,20190320153003,-0.08,-0.45,18.17,17.46,17.80/46116/82194981,46116,8219,2.71,63.71,18.17,17.46,3.97,30.26,60.52,6.73,18.77,16.99,1.21,-1464,17.81,60.97,99.04
生益科技,600183,11.89,11.97,11.95,242111,126796,115270,11.89,442,11.88,421,11.87,182,11.86,222,11.85,305,11.90,328,11.91,964,11.92,734,11.93,745,11.94,1202,15:00:03/11.89/2675/S/3180575/50043|14:57:00/11.91/17/B/20242/49359|14:56:57/11.91/44/B/52362/49351|14:56:53/11.90/10/S/11900/49341|14:56:48/11.90/22/S/26182/49324|14:56:45/11.91/32/B/38110/49313,20190320153003,-0.08,-0.67,11.96,11.54,11.89/242111/285204031,242111,28520,1.14,23.35,11.96,11.54,3.51,251.77,251.77,4.25,13.17,10.77,1.14,-2401,11.78,23.31,23.43
光电股份,600184,12.29,12.36,12.36,60595,23708,36863,12.28,478,12.26,21,12.25,10,12.24,284,12.23,67,12.29,313,12.30,470,12.31,17,12.33,11,12.34,22,15:00:13/12.29/818/S/1005322/50069|14:56:53/12.29/70/B/86030/49341|14:56:51/12.28/7/S/8596/49331|14:56:45/12.28/559/B/686220/49313|14:56:33/12.26/31/B/38006/49271|14:56:30/12.26/11/B/13476/49260,20190320153003,-0.07,-0.57,12.36,12.00,12.29/59777/72610532,60595,7362,1.19,91.13,12.36,12.00,2.91,62.53,62.53,2.71,13.60,11.12,0.98,27,12.15,104.96,140.81
格力地产,600185,5.13,5.13,5.12,115547,57588,57950,5.12,476,5.11,983,5.10,476,5.09,87,5.08,414,5.13,654,5.14,2355,5.15,3817,5.16,1607,5.17,3439,15:00:04/5.13/3365/S/1726245/50049|14:57:00/5.13/4/B/2052/49361|14:56:57/5.13/5/B/2565/49351|14:56:53/5.13/16/B/8202/49341|14:56:51/5.13/8/B/4104/49331|14:56:48/5.12/24/S/12292/49324,20190320153003,0.00,0.00,5.18,5.05,5.13/115547/59117896,115547,5912,0.56,17.68,5.18,5.05,2.53,105.68,105.68,1.41,5.64,4.62,0.80,-9436,5.12,20.32,16.93
莲花健康,600186,2.27,2.23,2.22,327377,181133,146244,2.26,5064,2.25,4529,2.24,5102,2.23,5897,2.22,4637,2.27,6563,2.28,11030,2.29,8033,2.30,9856,2.31,8942,15:00:04/2.27/8090/S/1836430/50049|14:57:00/2.27/12/B/2724/49361|14:56:57/2.27/3289/B/746603/49351|14:56:53/2.27/8/B/1816/49341|14:56:51/2.26/1/S/226/49331|14:56:48/2.26/14/S/3177/49324,20190320153003,0.04,1.79,2.29,2.21,2.27/319287/72027507,327377,7386,3.08,-25.73,2.29,2.21,3.59,24.11,24.11,-36.91,2.45,2.01,0.88,-19195,2.26,-18.18,-23.31
国中水务,600187,3.70,3.75,3.70,489936,202582,287348,3.70,3285,3.69,3917,3.68,5751,3.67,2042,3.66,2608,3.71,1699,3.72,851,3.73,1091,3.74,1550,3.75,4800,15:00:13/3.70/12250/S/4532407/50069|14:57:00/3.68/149/S/54832/49361|14:56:57/3.69/125/B/46059/49351|14:56:53/3.68/28/S/10304/49341|14:56:51/3.68/217/S/79904/49331|14:56:48/3.68/483/S/177774/49324,20190320153003,-0.05,-1.33,3.76,3.60,3.68/477686/175543138,489936,18008,3.37,897.66,3.76,3.60,4.27,53.86,61.20,1.79,4.13,3.38,0.50,7612,3.67,482.97,343.14
兖州煤业,600188,10.72,10.68,10.77,327824,149977,177831,10.72,4104,10.71,823,10.70,108,10.69,789,10.68,1176,10.73,625,10.74,1035,10.75,2825,10.76,1182,10.77,690,15:00:04/10.72/3104/S/3327488/50049|14:57:00/10.73/26/B/27896/49361|14:56:57/10.73/20/B/21460/49351|14:56:51/10.73/91/B/97643/49331|14:56:48/10.74/422/B/452670/49324|14:56:42/10.73/30/S/32190/49303,20190320153003,0.04,0.37,10.87,10.53,10.72/327824/351468574,327824,35147,1.11,7.10,10.87,10.53,3.18,317.30,526.57,1.07,11.75,9.61,1.03,643,10.72,7.18,7.78
吉林森工,600189,4.93,4.85,4.86,64609,36146,28457,4.92,1010,4.91,48,4.90,196,4.89,278,4.88,254,4.93,57,4.94,1187,4.95,1738,4.96,946,4.97,120,15:00:13/4.93/1109/S/546737/50069|14:57:00/4.93/4/B/1972/49361|14:56:57/4.93/8/B/3944/49351|14:56:53/4.93/17/B/8381/49341|14:56:51/4.93/74/B/36482/49331|14:56:45/4.93/6/B/2958/49313,20190320153003,0.08,1.65,4.93,4.81,4.93/64609/31573698,64609,3157,1.39,34.81,4.93,4.81,2.47,22.84,35.34,1.20,5.34,4.37,1.22,-2262,4.89,74.83,294.95
锦州港,600190,3.58,3.53,3.51,151613,76090,75523,3.57,892,3.56,5783,3.55,1326,3.54,1167,3.53,1753,3.58,2271,3.59,1183,3.60,3328,3.61,1072,3.62,1653,15:00:05/3.58/1458/S/521964/50054|14:56:56/3.57/256/S/91392/49346|14:56:44/3.57/20/S/7140/49309|14:56:41/3.57/44/S/15712/49297|14:56:38/3.57/14/S/5002/49286|14:56:35/3.58/34/B/12142/49277,20190320153003,0.05,1.42,3.63,3.46,3.58/151613/53642624,151613,5364,0.85,41.56,3.63,3.46,4.82,63.71,71.68,1.17,3.88,3.18,1.20,1414,3.54,46.81,50.09
华资实业,600191,5.45,5.30,5.29,193368,118690,74659,5.45,178,5.44,113,5.43,561,5.42,357,5.41,291,5.46,306,5.47,1067,5.48,715,5.49,321,5.50,1485,15:00:13/5.45/1927/S/1050215/50069|14:57:00/5.47/300/B/163810/49361|14:56:57/5.45/18/B/9810/49351|14:56:53/5.45/12/B/6540/49341|14:56:51/5.45/55/S/29975/49331|14:56:48/5.45/185/S/100825/49324,20190320153003,0.15,2.83,5.64,5.25,5.47/191441/103476231,193368,10453,3.99,-31.83,5.64,5.25,7.36,26.43,26.43,1.25,5.83,4.77,1.29,-2394,5.41,-32.59,221.18
长城电工,600192,7.43,7.78,7.50,337372,139459,197891,7.42,732,7.41,493,7.40,908,7.39,218,7.38,320,7.43,560,7.44,932,7.45,890,7.46,603,7.47,210,15:00:13/7.43/4420/S/3284060/50069|14:57:00/7.44/180/B/133779/49361|14:56:57/7.43/247/S/183725/49351|14:56:53/7.44/89/B/66205/49341|14:56:51/7.43/63/S/46819/49331|14:56:48/7.44/184/B/136736/49324,20190320153003,-0.35,-4.50,7.62,7.22,7.44/332952/247512148,337372,25080,7.64,212.55,7.62,7.22,5.14,32.82,32.82,1.67,8.56,7.00,0.86,-524,7.43,190.48,197.92
*ST创兴,600193,4.37,4.60,4.37,24777,18663,6114,0.00,0,0.00,0,0.00,0,0.00,0,0.00,0,4.37,86984,4.38,471,4.39,78,4.40,11,4.41,160,15:00:04/4.37/92/S/40204/50049|14:56:30/4.37/50/B/21850/49260|14:56:15/4.37/5/B/2185/49209|14:55:51/4.37/10/B/4370/49122|14:55:39/4.37/10/B/4370/49078|14:55:15/4.37/50/B/21850/48994,20190320153003,-0.23,-5.00,4.37,4.37,4.37/24777/10827549,24777,1083,0.58,59.93,4.37,4.37,0.00,18.59,18.59,8.71,4.83,4.37,0.26,-87704,4.37,59.93,59.93
中牧股份,600195,13.31,13.27,13.27,94444,43339,51085,13.30,506,13.29,10,13.27,30,13.26,194,13.25,158,13.31,2,13.32,236,13.33,422,13.34,5,13.35,253,15:00:05/13.31/544/S/723532/50054|14:56:59/13.31/4/B/5856/49356|14:56:56/13.31/89/B/118459/49346|14:56:53/13.31/2/B/2662/49337|14:56:47/13.30/3/S/3991/49319|14:56:44/13.31/4/B/5324/49309,20190320153003,0.04,0.30,13.45,12.95,13.31/94444/124655735,94444,12466,1.57,16.86,13.45,12.95,3.77,80.09,80.09,2.05,14.60,11.94,0.82,-20,13.20,17.77,20.03
复星医药,600196,29.94,30.14,30.03,355762,164044,191612,29.94,325,29.93,198,29.92,236,29.91,219,29.90,414,29.95,1376,29.96,311,29.97,160,29.98,206,29.99,186,15:00:03/29.94/2258/S/6759104/50044|14:56:59/29.94/53/S/158684/49356|14:56:56/29.95/119/S/356405/49346|14:56:53/29.95/213/S/638033/49337|14:56:47/29.95/28/S/83860/49319|14:56:44/29.95/216/S/647120/49309,20190320153003,-0.20,-0.66,30.45,29.41,29.94/355762/1063962372,355762,106396,1.86,27.41,30.45,29.41,3.45,571.92,767.38,2.69,33.15,27.13,0.74,-847,29.91,27.48,24.56
伊力特,600197,19.93,19.43,19.33,171777,89682,82007,19.92,265,19.91,50,19.90,138,19.89,46,19.88,24,19.93,5059,19.94,53,19.95,293,19.96,15,19.97,35,15:00:04/19.93/1218/S/2427474/50049|14:57:00/19.93/12/S/23920/49361|14:56:57/19.94/10/S/19940/49351|14:56:51/19.94/11/B/21934/49331|14:56:45/19.93/10/S/19930/49313|14:56:42/19.94/4/B/7976/49303,20190320153003,0.50,2.57,20.70,19.24,19.93/170559/342544632,171777,34497,3.90,22.74,20.70,19.24,7.51,87.89,87.89,3.73,21.37,17.49,0.91,-4932,20.09,22.76,24.87
*ST大唐,600198,10.82,10.56,10.58,227126,110112,116986,10.81,144,10.80,400,10.79,45,10.78,65,10.77,24,10.82,774,10.83,749,10.84,312,10.85,849,10.86,434,15:00:03/10.82/1458/S/1577556/50044|14:56:59/10.83/1/B/1083/49356|14:56:56/10.83/125/S/135375/49346|14:56:50/10.83/8/S/8664/49328|14:56:47/10.83/32/S/34656/49319|14:56:44/10.83/18/S/19494/49309,20190320153003,0.26,2.46,10.97,10.32,10.82/227126/242176362,227126,24218,2.59,-5.05,10.97,10.32,6.16,94.71,95.44,-76.41,11.09,10.03,0.95,-2440,10.66,28.37,-3.60
金种子酒,600199,7.84,7.13,7.28,775122,351246,423863,7.84,28207,7.83,116,7.82,289,7.81,256,7.80,637,0.00,0,0.00,0,0.00,0,0.00,0,0.00,0,15:00:04/7.84/207/S/162288/50049|14:56:57/7.84/36/S/28224/49351|14:56:53/7.84/1/S/784/49341|14:56:39/7.84/20/S/15680/49291|14:56:24/7.84/14/S/10976/49239|14:55:45/7.84/5/S/3920/49101,20190320153003,0.71,9.96,7.84,7.28,7.84/774915/590626463,775122,59079,13.95,901.40,7.84,7.28,7.85,43.57,43.57,1.94,7.84,6.42,2.35,29505,7.63,2011.40,532.04
江苏吴中,600200,8.14,8.23,8.25,101875,42074,59792,8.14,223,8.13,706,8.12,508,8.11,430,8.10,832,8.15,562,8.16,509,8.17,242,8.18,901,8.19,709,15:00:13/8.14/1369/S/1114366/50069|14:57:00/8.14/1/B/814/49361|14:56:48/8.13/4/B/3250/49324|14:56:45/8.12/47/S/38165/49313|14:56:42/8.13/2/B/1626/49303|14:56:39/8.13/42/B/34146/49291,20190320153003,-0.09,-1.09,8.26,7.95,8.14/100506/81484047,101875,8260,1.42,40.08,8.26,7.95,3.77,58.22,58.76,2.04,9.05,7.41,0.67,-224,8.11,38.28,44.15
生物股份,600201,17.34,16.90,16.95,363966,176563,187359,17.33,349,17.32,37,17.31,290,17.30,286,17.29,299,17.34,1,17.35,742,17.36,88,17.37,193,17.38,144,15:00:03/17.34/3472/S/6020448/50043|14:57:00/17.33/26/M/45074/49359|14:56:57/17.34/23/B/39834/49351|14:56:53/17.34/110/B/190632/49341|14:56:51/17.33/334/B/579342/49331|14:56:48/17.33/280/B/484984/49324,20190320153003,0.44,2.60,17.48,16.90,17.33/360494/621529064,363966,62755,3.23,23.15,17.48,16.90,3.43,195.29,201.08,3.98,18.59,15.21,1.45,93,17.24,22.14,23.11
*ST哈空,600202,5.22,5.19,5.10,96553,42025,54528,5.21,450,5.20,175,5.19,213,5.18,42,5.17,40,5.22,209,5.23,41,5.24,176,5.25,125,5.26,197,15:00:05/5.22/1048/S/547056/50054|14:56:53/5.21/30/B/15630/49337|14:56:50/5.21/100/B/52100/49328|14:56:44/5.21/20/B/10420/49309|14:56:41/5.21/171/S/89091/49297|14:56:31/5.21/50/S/26050/49266,20190320153003,0.03,0.58,5.31,5.02,5.22/96553/50123152,96553,5012,2.52,96.02,5.31,5.02,5.59,20.01,20.01,3.30,5.45,4.93,1.28,172,5.19,96.02,96.02
福日电子,600203,6.07,6.15,6.12,127193,52977,74208,6.07,1143,6.06,677,6.05,411,6.04,316,6.03,314,6.08,336,6.09,191,6.10,699,6.11,370,6.12,247,15:00:03/6.07/4698/S/2852117/50043|14:56:57/6.07/9/B/5463/49351|14:56:53/6.06/18/S/10925/49341|14:56:48/6.07/241/S/146287/49324|14:56:45/6.07/1/S/607/49313|14:56:42/6.08/1/B/608/49303,20190320153003,-0.08,-1.30,6.25,5.96,6.07/122495/74688938,127193,7754,3.44,-18.88,6.25,5.96,4.72,22.47,27.71,1.36,6.77,5.54,0.84,1018,6.10,105.08,-24.62
有研新材,600206,9.05,9.24,9.15,244619,96022,148567,9.04,437,9.03,513,9.02,239,9.01,328,9.00,1165,9.05,1116,9.06,764,9.07,376,9.08,294,9.09,511,15:00:03/9.05/2236/S/2023580/50043|14:57:00/9.05/56/B/50680/49361|14:56:57/9.04/51/S/46104/49351|14:56:53/9.05/92/B/83250/49341|14:56:51/9.05/33/B/29852/49331|14:56:45/9.05/150/B/135750/49313,20190320153003,-0.19,-2.06,9.25,8.80,9.05/242383/219482038,244619,22151,2.92,97.08,9.25,8.80,4.87,75.91,76.66,2.60,10.16,8.32,0.75,-379,9.05,97.08,97.08
安彩高科,600207,5.56,5.73,5.65,133114,53480,79629,5.56,381,5.55,1335,5.54,275,5.53,588,5.52,256,5.57,627,5.58,659,5.59,598,5.60,395,5.61,723,15:00:05/5.56/1725/S/959105/50054|14:56:59/5.56/150/B/83293/49356|14:56:56/5.56/5/B/2780/49346|14:56:53/5.56/34/B/18904/49337|14:56:50/5.56/185/B/102857/49328|14:56:47/5.55/129/S/71605/49319,20190320153003,-0.17,-2.97,5.66,5.47,5.56/133114/73948843,133114,7395,1.93,-450.84,5.66,5.47,3.32,38.36,47.98,2.55,6.30,5.16,0.55,-167,5.56,-137.46,528.61
新湖中宝,600208,3.80,3.83,3.81,740336,312010,428313,3.79,3261,3.78,5868,3.77,2126,3.76,1617,3.75,3388,3.80,6764,3.81,2948,3.82,4457,3.83,5281,3.84,4837,15:00:03/3.80/7334/S/2786920/50043|14:57:00/3.79/26/S/9854/49361|14:56:57/3.79/27/S/10233/49351|14:56:53/3.79/117/B/44331/49341|14:56:48/3.78/3/S/1134/49324|14:56:45/3.78/1/S/378/49313,20190320153003,-0.03,-0.78,3.85,3.70,3.79/733002/277761635,740336,28055,0.86,9.72,3.85,3.70,3.92,326.73,326.78,0.99,4.21,3.45,0.94,-8027,3.79,13.84,9.84
*ST罗顿,600209,4.75,4.52,4.48,115351,65436,49913,4.75,3557,4.74,319,4.73,101,4.72,80,4.71,24,0.00,0,0.00,0,0.00,0,0.00,0,0.00,0,15:00:04/4.75/111/S/52725/50049|14:56:39/4.75/7/S/3325/49291|14:56:30/4.75/90/S/42750/49260|14:56:03/4.75/1/S/475/49166|14:55:45/4.75/3/S/1425/49101|14:55:21/4.75/40/S/19000/49013,20190320153003,0.23,5.09,4.75,4.47,4.75/115351/54173409,115351,5417,2.63,-42.31,4.75,4.47,6.19,20.85,20.85,3.52,4.75,4.29,1.41,4081,4.70,-58.12,-45.72
紫江企业,600210,4.81,4.78,4.73,597844,286319,311518,4.80,4032,4.79,2406,4.78,2399,4.77,1752,4.76,1067,4.81,1890,4.82,2233,4.83,2463,4.84,1589,4.85,2464,15:00:05/4.81/8417/S/4048577/50054|14:56:59/4.80/50/B/24000/49356|14:56:56/4.80/129/B/61905/49346|14:56:53/4.79/216/S/103464/49337|14:56:50/4.80/290/B/139170/49328|14:56:47/4.80/20/B/9600/49319,20190320153003,0.03,0.63,4.90,4.70,4.81/597844/287031746,597844,28703,3.94,26.38,4.90,4.70,4.18,72.96,72.96,1.65,5.26,4.30,0.47,1017,4.80,13.99,13.15
西藏药业,600211,42.69,40.00,39.80,50296,26854,23396,42.68,8,42.66,3,42.65,315,42.64,45,42.60,7,42.69,130,42.70,164,42.75,10,42.77,50,42.78,9,15:00:04/42.69/570/S/2433330/50049|14:57:00/42.69/1/B/4269/49361|14:56:53/42.70/30/B/128076/49341|14:56:51/42.69/24/S/102456/49331|14:56:48/42.69/3/S/12807/49324|14:56:45/42.69/61/B/260187/49313,20190320153003,2.69,6.72,43.88,39.20,42.69/49726/206023814,50296,20846,3.45,35.56,43.88,39.20,11.70,62.15,76.68,3.40,44.00,36.00,0.81,15,41.45,35.56,35.56
江泉实业,600212,5.01,4.88,4.88,242419,133029,109385,5.01,401,5.00,1038,4.99,2300,4.98,917,4.97,77,5.02,2862,5.03,946,5.04,1478,5.05,3726,5.06,884,15:00:04/5.01/4185/S/2096685/50049|14:57:00/5.01/91/B/45581/49361|14:56:57/5.00/5/S/2500/49351|14:56:53/5.00/10/S/5000/49341|14:56:51/5.00/120/S/60000/49331|14:56:48/5.00/40/S/20000/49324,20190320153003,0.13,2.66,5.05,4.81,5.01/238234/117535989,242419,11963,4.74,-64.15,5.05,4.81,4.92,25.64,25.64,3.52,5.37,4.39,1.26,-5163,4.94,-70.29,203.70
亚星客车,600213,8.14,7.82,7.80,114415,65723,48679,8.13,4098,8.12,709,8.11,282,8.10,658,8.09,150,8.14,174,8.15,844,8.16,323,8.17,88,8.18,204,15:00:03/8.14/1792/S/1458688/50044|14:57:03/8.12/25/B/20299/49364|14:56:59/8.12/31/B/25172/49356|14:56:56/8.11/11/S/8921/49346|14:56:50/8.12/3/B/2435/49328|14:56:47/8.12/10/B/8120/49319,20190320153003,0.32,4.09,8.14,7.72,8.14/114415/91188731,114415,9119,5.20,47.75,8.14,7.72,5.37,17.91,17.91,9.19,8.60,7.04,1.91,4264,7.97,69.77,41.82
长春经开,600215,8.86,8.90,8.98,40206,18241,21963,8.86,77,8.85,139,8.84,1340,8.83,205,8.82,199,8.87,195,8.88,305,8.89,385,8.90,441,8.91,143,15:00:03/8.86/539/S/477554/50043|14:56:57/8.86/21/B/18606/49351|14:56:53/8.85/10/S/8850/49341|14:56:45/8.85/317/B/280528/49313|14:56:24/8.85/215/B/190275/49239|14:56:13/8.84/46/M/40664/49197,20190320153003,-0.04,-0.45,8.98,8.70,8.86/40206/35578153,40206,3558,0.86,54.20,8.98,8.70,3.15,41.20,41.20,1.65,9.79,8.01,0.43,491,8.85,40.97,456.18
浙江医药,600216,11.21,11.15,11.10,298300,133176,165090,11.20,1205,11.19,478,11.18,538,11.17,372,11.16,553,11.21,79,11.22,2193,11.23,1388,11.24,1720,11.25,7626,15:00:13/11.21/3360/S/3766560/50069|14:57:00/11.21/56/B/62776/49361|14:56:57/11.20/1/S/1120/49351|14:56:53/11.20/13/S/14560/49341|14:56:51/11.21/112/B/125502/49331|14:56:48/11.21/163/B/182721/49324,20190320153003,0.06,0.54,11.27,11.00,11.21/294940/328739126,298300,33251,3.12,17.01,11.27,11.00,2.42,107.16,108.21,1.40,12.27,10.04,0.81,-9860,11.14,15.77,42.74
中再资环,600217,5.73,5.65,5.63,120917,57412,63489,5.73,723,5.72,609,5.71,1450,5.70,83,5.69,267,5.74,836,5.75,1713,5.76,491,5.77,1857,5.78,543,15:00:13/5.73/3150/S/1804950/50069|14:56:57/5.73/17/B/9741/49351|14:56:48/5.72/28/S/16016/49324|14:56:45/5.72/119/B/68068/49313|14:56:39/5.72/164/B/93808/49291|14:56:36/5.72/1/B/572/49281,20190320153003,0.08,1.42,5.77,5.43,5.73/117767/66297607,120917,6810,0.92,28.85,5.77,5.43,6.02,75.57,79.57,4.21,6.22,5.09,1.25,-2308,5.63,28.76,36.57
全柴动力,600218,12.38,12.95,12.86,511089,234042,276969,12.37,549,12.36,1623,12.35,841,12.34,253,12.33,443,12.38,1333,12.39,2851,12.40,2778,12.41,286,12.42,426,15:00:03/12.38/8369/S/10360822/50044|14:57:03/12.40/10/B/12400/49364|14:56:59/12.39/69/S/85467/49356|14:56:56/12.39/50/B/61943/49346|14:56:53/12.39/170/S/210616/49337|14:56:50/12.39/220/B/272553/49328,20190320153003,-0.57,-4.40,13.05,11.86,12.38/511089/638551554,511089,63855,13.86,146.63,13.05,11.86,9.19,45.65,45.65,2.36,14.25,11.66,0.64,-3965,12.49,93.26,74.25
南山铝业,600219,2.75,2.74,2.73,1015864,470675,545187,2.75,7526,2.74,12479,2.73,11380,2.72,10632,2.71,37682,2.76,36974,2.77,54166,2.78,47757,2.79,33289,2.80,32392,15:00:04/2.75/5772/S/1587547/50049|14:57:00/2.75/381/B/104775/49361|14:56:57/2.75/2/B/550/49351|14:56:53/2.75/715/S/196625/49341|14:56:51/2.76/123/B/33848/49331|14:56:48/2.75/1033/S/284105/49324,20190320153003,0.01,0.36,2.77,2.71,2.75/1010092/276640470,1015864,27823,1.04,19.49,2.77,2.71,2.19,269.15,328.64,0.86,3.01,2.47,0.80,-124879,2.74,17.65,20.40
江苏阳光,600220,3.10,3.15,3.11,302914,115999,186915,3.09,1366,3.08,1732,3.07,1717,3.06,5881,3.05,6465,3.10,3025,3.11,5262,3.12,6112,3.13,3849,3.14,4773,15:00:05/3.10/9345/S/2896950/50054|14:56:59/3.11/27/B/8397/49356|14:56:56/3.11/2/B/622/49346|14:56:53/3.11/13/B/4043/49337|14:56:50/3.10/11/S/3411/49328|14:56:47/3.11/121/B/37631/49319,20190320153003,-0.05,-1.59,3.15,3.06,3.10/302914/94118948,302914,9412,1.70,40.98,3.15,3.06,2.86,55.28,55.28,2.57,3.47,2.84,0.44,-5860,3.11,44.93,45.69
海航控股,600221,2.27,2.29,2.29,1103896,430296,673599,2.27,29292,2.26,28792,2.25,29285,2.24,47365,2.23,24682,2.28,48277,2.29,55097,2.30,50400,2.31,25375,2.32,45355,15:00:04/2.27/6961/S/1580147/50049|14:57:00/2.27/22/S/4994/49361|14:56:57/2.27/164/S/37387/49351|14:56:53/2.27/304/S/69012/49341|14:56:45/2.27/206/S/46762/49313|14:56:42/2.27/4/S/909/49303,20190320153003,-0.02,-0.87,2.29,2.24,2.27/1096935/248607550,1103896,25019,0.67,29.48,2.29,2.24,2.18,373.10,381.50,0.73,2.52,2.06,0.75,-65088,2.27,39.25,11.48
太龙药业,600222,4.80,4.72,4.74,64535,34093,30437,4.80,210,4.79,2437,4.78,2754,4.77,305,4.76,391,4.81,1783,4.82,1465,4.83,440,4.84,718,4.85,2321,15:00:13/4.80/1424/S/683520/50069|14:57:00/4.79/20/S/9580/49361|14:56:57/4.80/2/B/960/49351|14:56:53/4.80/4/B/1920/49341|14:56:51/4.80/2/B/960/49331|14:56:48/4.80/4/M/1920/49324,20190320153003,0.08,1.69,4.85,4.66,4.80/64535/30787800,64535,3079,1.14,345.08,4.85,4.66,4.03,27.21,27.55,1.85,5.19,4.25,0.77,-630,4.77,365.87,537.27
鲁商置业,600223,3.90,3.88,3.88,64109,30729,33380,3.90,424,3.89,179,3.88,144,3.87,96,3.86,368,3.91,392,3.92,1415,3.93,3000,3.94,1703,3.95,7705,15:00:05/3.90/655/S/255450/50054|14:56:56/3.90/1/B/390/49346|14:56:53/3.89/24/S/9358/49337|14:56:47/3.90/2/B/780/49319|14:56:44/3.89/5/S/1945/49309|14:56:38/3.90/59/B/23010/49286,20190320153003,0.02,0.52,3.92,3.81,3.90/64109/24821395,64109,2482,0.64,33.86,3.92,3.81,2.84,39.04,39.04,1.61,4.27,3.49,0.68,-13004,3.87,29.98,37.05
天津松江,600225,4.00,3.94,3.91,181654,93790,87852,3.99,1489,3.98,1458,3.97,700,3.96,1681,3.95,1232,4.00,3085,4.01,2596,4.02,1267,4.03,2711,4.04,1858,15:00:03/4.00/1425/S/570000/50043|14:56:57/3.99/25/S/9975/49351|14:56:51/3.99/500/S/199500/49331|14:56:42/3.99/1/S/399/49303|14:56:39/3.99/15/S/5996/49291|14:56:36/3.99/4/S/1596/49281,20190320153003,0.06,1.52,4.04,3.83,3.99/180229/70919848,181654,7149,1.95,-8.14,4.04,3.83,5.33,37.31,37.42,2.75,4.33,3.55,0.68,-4957,3.94,-10.66,18.73
瀚叶股份,600226,4.33,4.36,4.30,1263198,560424,702749,4.33,3782,4.32,5533,4.31,1153,4.30,2473,4.29,2886,4.34,4932,4.35,5755,4.36,5214,4.37,2553,4.38,3440,15:00:04/4.33/18236/S/7895807/50049|14:57:00/4.33/33/S/14292/49361|14:56:57/4.34/209/B/90706/49351|14:56:53/4.33/37/S/16051/49341|14:56:51/4.34/263/B/114020/49331|14:56:48/4.34/132/B/57226/49324,20190320153003,-0.03,-0.69,4.52,4.15,4.33/1244962/540654947,1263198,54855,6.34,53.38,4.52,4.15,8.49,86.29,135.90,3.08,4.80,3.92,0.53,-6067,4.34,47.86,52.03
圣济堂,600227,4.30,4.13,4.29,709865,357528,352330,4.30,1539,4.29,1528,4.28,1342,4.27,697,4.26,2333,4.31,6570,4.32,3895,4.33,2397,4.34,4723,4.35,4698,15:00:13/4.30/6555/S/2818650/50069|14:57:00/4.30/192/S/82560/49361|14:56:57/4.31/72/B/30970/49351|14:56:53/4.31/57/B/24567/49341|14:56:51/4.30/59/S/25424/49331|14:56:48/4.30/91/S/39180/49324,20190320153003,0.17,4.12,4.49,4.21,4.30/703310/305290558,709865,30811,5.70,28.82,4.49,4.21,6.78,53.55,72.80,1.54,4.54,3.72,1.20,-14844,4.34,28.80,190.30
ST昌九,600228,8.01,7.93,7.91,16871,7380,9491,8.01,32,8.00,467,7.99,289,7.98,18,7.97,119,8.03,180,8.04,40,8.05,86,8.06,108,8.07,7,15:00:04/8.01/270/S/216270/50049|14:56:33/8.00/30/S/24000/49271|14:56:30/8.01/5/B/4005/49260|14:56:21/8.00/20/S/16000/49227|14:56:08/8.00/28/S/22400/49186|14:55:57/8.00/42/B/33600/49143,20190320153003,0.08,1.01,8.08,7.90,8.00/16601/13270449,16871,1349,0.70,35.36,8.08,7.90,2.27,19.33,19.33,31.59,8.33,7.53,0.86,504,7.99,177.37,73.97
城市传媒,600229,8.80,8.93,9.20,87300,36113,51178,8.80,160,8.79,475,8.78,179,8.77,120,8.76,72,8.81,162,8.82,673,8.83,198,8.84,478,8.85,71,15:00:04/8.80/838/S/737440/50049|14:56:57/8.80/38/S/33451/49351|14:56:53/8.80/2/S/1760/49341|14:56:51/8.81/260/S/228813/49331|14:56:48/8.81/64/B/56384/49324|14:56:45/8.81/69/B/60789/49313,20190320153003,-0.13,-1.46,9.20,8.62,8.80/87300/77416799,87300,7742,1.24,18.22,9.20,8.62,6.49,61.78,61.78,2.57,9.82,8.04,0.67,-576,8.87,24.17,18.76
沧州大化,600230,21.38,21.25,21.13,149446,68287,81095,21.37,234,21.36,645,21.35,65,21.34,200,21.33,276,21.38,232,21.39,26,21.40,170,21.41,15,21.42,234,15:00:05/21.38/2443/S/5223134/50054|14:56:59/21.36/34/S/72656/49356|14:56:56/21.36/12/B/26049/49346|14:56:53/21.36/12/B/25630/49337|14:56:49/21.36/35/B/74745/49327|14:56:47/21.35/342/S/730485/49319,20190320153003,0.13,0.61,21.72,20.84,21.38/149446/318145758,149446,31815,3.63,6.54,21.72,20.84,4.14,88.06,88.06,2.43,23.38,19.13,0.84,743,21.28,6.42,6.86
凌钢股份,600231,3.47,3.45,3.44,337246,172978,164266,3.47,12541,3.46,4964,3.45,2588,3.44,8006,3.43,10301,3.48,7189,3.49,8220,3.50,9608,3.51,9803,3.52,13513,15:00:13/3.47/3190/S/1106930/50069|14:56:57/3.47/694/S/241018/49351|14:56:48/3.48/79/B/27492/49324|14:56:45/3.48/16/B/5568/49313|14:56:42/3.48/36/B/12528/49303|14:56:39/3.47/25/S/8690/49291,20190320153003,0.02,0.58,3.51,3.42,3.47/334056/115774171,337246,11688,1.22,8.03,3.51,3.42,2.61,96.16,96.16,1.29,3.80,3.11,0.89,-9933,3.47,8.03,8.03
金鹰股份,600232,6.77,6.15,6.10,136207,53214,82976,6.77,69527,6.76,96,6.75,30,6.73,20,6.72,52,0.00,0,0.00,0,0.00,0,0.00,0,0.00,0,15:00:05/6.77/100/S/67443/50054|14:56:38/6.77/20/S/13540/49286|14:56:31/6.77/1/S/677/49266|14:55:23/6.77/10/S/6770/49020|14:55:17/6.77/300/S/203100/48998|14:55:14/6.77/1/S/677/48989,20190320153003,0.62,10.08,6.77,5.94,6.77/136207/88796680,136207,8880,3.73,78.36,6.77,5.94,13.50,24.69,24.69,2.14,6.77,5.54,1.35,69725,6.53,72.52,97.78
圆通速递,600233,13.19,13.45,13.36,75477,37543,37910,13.19,703,13.18,167,13.17,900,13.16,208,13.15,371,13.20,378,13.21,22,13.22,8,13.23,11,13.24,40,15:00:03/13.19/192/S/253248/50043|14:56:53/13.19/5/S/6595/49341|14:56:51/13.19/92/B/120635/49331|14:56:45/13.18/116/S/152937/49313|14:56:42/13.19/3/B/3957/49303|14:56:39/13.19/4/B/5276/49291,20190320153003,-0.26,-1.93,13.42,13.12,13.19/75477/99836459,75477,9984,0.96,22.77,13.42,13.12,2.23,103.33,373.07,3.63,14.80,12.11,0.75,1890,13.23,22.31,25.86
ST山水,600234,7.40,7.40,7.44,9695,3896,5799,7.40,154,7.38,60,7.37,110,7.36,96,7.34,15,7.41,280,7.42,13,7.43,143,7.44,126,7.45,72,15:00:03/7.40/173/S/128020/50044|14:56:14/7.41/300/B/221926/49205|14:56:02/7.37/20/S/14740/49161|14:55:32/7.39/15/B/11085/49056|14:54:43/7.39/36/S/27328/48886|14:54:32/7.40/43/B/31820/48841,20190320153003,0.00,0.00,7.44,7.30,7.40/9695/7147342,9695,715,0.48,-84.19,7.44,7.30,1.89,14.98,14.98,21.73,7.77,7.03,1.22,-199,7.37,-419.83,-58.79
民丰特纸,600235,7.72,7.50,7.55,319811,174474,145310,7.72,2336,7.71,445,7.70,825,7.69,221,7.68,781,7.73,433,7.74,286,7.75,422,7.76,899,7.77,963,15:00:13/7.72/4831/S/3729532/50069|14:57:00/7.72/149/B/115028/49361|14:56:57/7.71/14/S/10798/49351|14:56:53/7.71/140/S/108072/49341|14:56:51/7.72/178/B/137249/49331|14:56:48/7.72/75/B/57894/49324,20190320153003,0.22,2.93,7.89,7.51,7.72/314980/242833658,319811,24656,9.10,122.19,7.89,7.51,5.07,27.12,27.12,2.10,8.25,6.75,0.61,1605,7.71,107.62,141.20
桂冠电力,600236,5.89,5.87,5.87,87171,40418,46748,5.88,968,5.87,504,5.86,749,5.85,405,5.84,648,5.89,3458,5.90,3561,5.91,2302,5.92,2250,5.93,846,15:00:05/5.89/674/S/396986/50054|14:56:59/5.89/2/B/1178/49356|14:56:56/5.89/2/B/1178/49346|14:56:53/5.88/6/S/3528/49337|14:56:35/5.88/2/S/1177/49277|14:56:31/5.88/110/S/64780/49266,20190320153003,0.02,0.34,5.90,5.81,5.89/87171/51073939,87171,5107,0.14,13.26,5.90,5.81,1.53,357.13,357.13,2.61,6.46,5.28,0.97,-9143,5.86,13.31,14.22
铜峰电子,600237,4.53,4.57,4.58,126433,50607,75820,4.52,6590,4.51,275,4.50,461,4.49,513,4.48,351,4.53,202,4.54,1095,4.55,938,4.56,951,4.57,858,15:00:05/4.53/736/S/333408/50054|14:56:59/4.53/1/B/453/49356|14:56:56/4.53/30/B/13590/49346|14:56:53/4.53/150/B/67950/49337|14:56:41/4.53/6/B/2718/49297|14:56:38/4.53/30/B/13590/49286,20190320153003,-0.04,-0.88,4.59,4.42,4.53/126433/56898067,126433,5690,2.24,264.71,4.59,4.42,3.72,25.57,25.57,2.06,5.03,4.11,0.70,4146,4.50,447.48,182.08
*ST椰岛,600238,9.20,9.40,9.00,45016,13001,32011,9.19,11,9.18,930,9.17,437,9.16,10,9.15,1100,9.20,105,9.21,10,9.22,14,9.23,100,9.24,16,15:00:13/9.20/400/S/368000/50069|14:56:53/9.17/88/S/80820/49341|14:56:36/9.19/31/B/28489/49281|14:56:24/9.19/7/B/6433/49239|14:56:13/9.19/50/B/45908/49197|14:55:39/9.16/4/B/3664/49078,20190320153003,-0.20,-2.13,9.35,8.98,9.20/45016/41054604,45016,4105,1.01,-15.13,9.35,8.98,3.94,40.94,41.23,6.93,9.87,8.93,0.83,2243,9.12,-18.99,-38.84
云南城投,600239,3.76,3.77,3.77,247908,106964,140939,3.76,38,3.75,1484,3.74,3156,3.73,2038,3.72,2593,3.77,3895,3.78,3415,3.79,3836,3.80,4109,3.81,3040,15:00:03/3.76/3467/S/1303780/50044|14:56:49/3.75/923/B/346125/49327|14:56:44/3.75/5/B/1875/49309|14:56:41/3.75/80/B/30000/49297|14:56:38/3.75/6/B/2249/49286|14:56:35/3.75/119/B/44625/49277,20190320153003,-0.01,-0.27,3.78,3.69,3.76/247908/92684050,247908,9268,1.54,6.96,3.78,3.69,2.39,60.37,60.37,1.24,4.15,3.39,1.23,-8986,3.74,19.90,22.87
华业资本,600240,3.39,3.39,3.41,649763,289229,360524,3.38,5798,3.37,1444,3.36,1261,3.35,1338,3.34,908,3.39,9878,3.40,9809,3.41,5020,3.42,6004,3.43,7077,15:00:03/3.39/7905/S/2679795/50043|14:57:00/3.38/203/S/68729/49361|14:56:57/3.38/25/S/8462/49351|14:56:53/3.38/509/S/172042/49341|14:56:51/3.39/50/B/16950/49331|14:56:48/3.39/50/B/16904/49324,20190320153003,0.00,0.00,3.43,3.25,3.38/641858/214978908,649763,21766,4.56,-108.64,3.43,3.25,5.31,48.28,48.28,0.74,3.73,3.05,0.81,-27039,3.35,-26.72,4.84
