股票名字,代码,当前价格,昨日收盘价,今日开盘价,成交的股票数,外盘,内盘,买一报价,买一数量,买二报价,买二数量,买三报价,买三数量,买四报价,买四数量,买五报价,买五数量,卖一报价,卖一数量,卖二报价,卖二数量,卖三报价,卖三数量,卖四报价,卖四数量,卖五报价,卖五数量,最近逐笔成交,时间,涨跌,涨跌%,今日最高价,今日最低价,价格/成交量(手)/成交额,成交量(手),成交金额,换手率(%),市盈率,最高,最低,振幅(%),流通市值(亿),总市值(亿),市净率,涨停价,跌停价,量比,委差,平均成本,PE(动)
浦发银行,600000,11.59,11.43,11.45,438795,211475,227283,11.59,1532,11.58,1332,11.57,1448,11.56,1231,11.55,1338,11.60,6703,11.61,1494,11.62,1547,11.63,2282,11.64,1849,15:00:04/11.59/4263/S/4940655/62010|14:57:01/11.59/60/B/69540/61203|14:56:57/11.59/240/B/277960/61186|14:56:54/11.59/208/B/241072/61171|14:56:51/11.58/12/S/13901/61158|14:56:48/11.59/80/B/92720/61144,20190318153000,0.16,1.40,11.60,11.37,11.59/434532/498974564,438795,50392,0.16,6.12,11.60,11.37,2.01,3257.23,3401.91,0.80,12.57,10.29,1.09,-6994,11.48,5.91,6.27
白云机场,600004,14.15,13.30,13.32,245004,139021,105930,14.15,349,14.14,84,14.13,109,14.12,361,14.11,113,14.16,371,14.17,72,14.18,178,14.19,335,14.20,1367,15:00:01/14.15/1760/S/2490754/61997|14:57:01/14.13/50/S/70656/61203|14:56:57/14.13/2/S/2826/61191|14:56:54/14.13/43/S/60815/61176|14:56:52/14.14/13/B/18372/61163|14:56:48/14.12/17/S/24020/61147,20190318153000,0.85,6.39,14.26,13.30,14.15/245004/340237585,245004,34024,1.18,21.89,14.26,13.30,7.22,292.81,292.81,1.86,14.63,11.97,1.43,-1307,13.89,23.91,18.35
东风汽车,600006,4.49,4.37,4.38,219580,111309,108264,4.49,1185,4.48,7864,4.47,1499,4.46,1619,4.45,1110,4.50,5562,4.51,883,4.52,2055,4.53,681,4.54,491,15:00:05/4.49/6918/S/3106187/62012|14:56:57/4.49/10/B/4490/61188|14:56:51/4.49/6/B/2694/61158|14:56:45/4.49/47/B/21101/61134|14:56:40/4.49/12/B/5388/61109|14:56:37/4.48/293/S/131294/61095,20190318153000,0.12,2.75,4.49,4.32,4.49/212662/94206836,219580,9731,1.10,17.99,4.49,4.32,3.89,89.80,89.80,1.28,4.81,3.93,1.28,3605,4.43,16.28,44.74
中国国贸,600007,14.50,14.30,14.26,31211,13255,17941,14.49,392,14.48,23,14.47,12,14.46,67,14.45,121,14.50,621,14.51,38,14.52,63,14.53,431,14.54,40,15:00:05/14.50/235/S/340750/62012|14:56:48/14.50/11/B/15950/61147|14:56:45/14.49/115/B/166635/61134|14:56:42/14.49/25/B/36225/61122|14:56:28/14.49/2/B/2898/61054|14:56:18/14.49/5/B/7241/61019,20190318153000,0.20,1.40,14.50,14.18,14.50/31211/44739635,31211,4474,0.31,19.54,14.50,14.18,2.24,146.06,146.06,2.17,15.73,12.87,1.39,-578,14.34,18.57,23.01
首创股份,600008,4.15,4.09,4.09,342033,163979,178049,4.14,6449,4.13,7183,4.12,5399,4.11,2430,4.10,5617,4.15,11005,4.16,7202,4.17,3678,4.18,4569,4.19,3283,15:00:01/4.15/6636/S/2753940/61997|14:57:01/4.15/73/B/30295/61203|14:56:57/4.14/32/S/13260/61191|14:56:54/4.14/131/S/54338/61176|14:56:52/4.15/174/B/72199/61163|14:56:48/4.15/58/B/24040/61147,20190318153000,0.06,1.47,4.15,4.06,4.15/342033/140780476,342033,14078,0.71,38.17,4.15,4.06,2.20,200.06,235.95,2.13,4.50,3.68,0.38,-2659,4.11,41.23,38.55
上海机场,600009,58.51,57.78,57.86,72821,39339,33386,58.51,202,58.50,310,58.49,92,58.48,87,58.47,34,58.52,68,58.53,34,58.54,51,58.55,662,58.56,133,15:00:13/58.51/705/S/4119923/62029|14:56:57/58.51/43/S/251592/61191|14:56:54/58.50/43/S/253982/61176|14:56:52/58.51/42/B/245736/61163|14:56:48/58.51/36/B/210611/61147|14:56:45/58.50/34/S/198910/61134,20190318153000,0.73,1.26,58.60,57.14,58.51/72116/418882534,72821,42300,0.67,26.64,58.60,57.14,2.53,639.79,1127.46,4.15,63.56,52.00,0.91,-223,58.08,26.64,26.64
包钢股份,600010,1.95,1.87,1.90,6034838,3536813,2498025,1.95,602,1.94,137788,1.93,107592,1.92,99928,1.91,83011,1.96,294103,1.97,135540,1.98,191209,1.99,106397,2.00,141453,15:00:01/1.95/68980/S/13451192/61997|14:57:02/1.95/6467/B/1260790/61207|14:56:57/1.94/2521/S/491574/61188|14:56:54/1.94/3290/S/639455/61176|14:56:52/1.95/270/B/52650/61163|14:56:48/1.95/1808/B/352500/61147,20190318153000,0.08,4.28,1.96,1.89,1.95/6034838/1167312171,6034838,116731,1.91,30.04,1.96,1.89,3.74,617.71,888.91,1.71,2.06,1.68,1.04,-439781,1.93,28.94,43.12
华能国际,600011,6.74,6.66,6.66,333580,158408,175165,6.74,3276,6.73,4264,6.72,4392,6.71,1910,6.70,3687,6.75,2314,6.76,1514,6.77,1184,6.78,1729,6.79,2284,15:00:05/6.74/4836/S/3259632/62012|14:57:04/6.73/38/S/25574/61215|14:56:59/6.73/21/S/14133/61194|14:56:56/6.74/229/B/154343/61182|14:56:53/6.73/48/B/32333/61167|14:56:50/6.73/2920/S/1965164/61152,20190318153000,0.08,1.20,6.74,6.64,6.74/333580/223002948,333580,22300,0.32,109.34,6.74,6.64,1.50,707.70,1058.05,1.43,7.33,5.99,0.89,8504,6.69,39.90,59.01
皖通高速,600012,6.97,6.85,6.89,67560,35000,32558,6.96,161,6.95,433,6.94,303,6.93,171,6.92,130,6.97,605,6.98,1031,6.99,1208,7.00,1049,7.01,325,15:00:04/6.97/599/S/417503/62010|14:57:01/6.96/426/S/296496/61203|14:56:57/6.97/37/B/25789/61186|14:56:54/6.97/100/B/69700/61171|14:56:48/6.97/30/B/20910/61144|14:56:39/6.96/7/S/4872/61105,20190318153000,0.12,1.75,6.99,6.82,6.96/66961/46252110,67560,4667,0.58,10.35,6.99,6.82,2.48,81.24,115.61,1.17,7.54,6.17,0.60,-3020,6.91,10.18,10.59
华夏银行,600015,8.38,8.24,8.25,604580,290881,313692,8.37,3973,8.36,1963,8.35,4739,8.34,924,8.33,1150,8.38,7339,8.39,5556,8.40,2726,8.41,1465,8.42,1414,15:00:13/8.38/4415/S/3699770/62029|14:57:01/8.37/12/S/10044/61203|14:56:57/8.37/180/B/150170/61191|14:56:54/8.37/148/B/123876/61176|14:56:52/8.37/23/B/19251/61163|14:56:48/8.36/38/S/31786/61147,20190318153000,0.14,1.70,8.38,8.21,8.37/600165/497725460,604580,50143,0.47,6.41,8.38,8.21,2.06,1074.54,1289.45,0.68,9.06,7.42,1.25,-5751,8.29,6.66,6.51
民生银行,600016,6.54,6.45,6.45,1714127,807863,906251,6.53,10859,6.52,13622,6.51,10577,6.50,15439,6.49,8210,6.54,36790,6.55,30289,6.56,11944,6.57,8601,6.58,11065,15:00:03/6.54/20130/S/13165020/62003|14:57:00/6.53/397/S/259502/61200|14:56:57/6.53/260/S/169591/61186|14:56:54/6.54/689/B/450225/61171|14:56:51/6.53/6/S/3918/61158|14:56:48/6.53/287/S/187530/61144,20190318153000,0.09,1.40,6.54,6.43,6.53/1693997/1097077135,1714127,111024,0.47,5.48,6.54,6.43,1.71,2409.91,2863.37,0.71,7.10,5.81,1.39,-39982,6.48,5.03,5.75
日照港,600017,3.38,3.32,3.32,279066,144415,134649,3.38,3674,3.37,3701,3.36,1950,3.35,4718,3.34,5124,3.39,9922,3.40,14640,3.41,3798,3.42,3978,3.43,3670,15:00:05/3.38/2914/S/984932/62012|14:57:04/3.39/4/B/1356/61215|14:56:59/3.39/18/B/6102/61194|14:56:56/3.39/325/B/110175/61182|14:56:53/3.38/40/S/13556/61167|14:56:50/3.39/44/B/14916/61152,20190318153000,0.06,1.81,3.40,3.28,3.38/279066/93669611,279066,9367,0.91,18.20,3.40,3.28,3.61,103.96,103.96,0.93,3.65,2.99,0.73,-16841,3.36,14.47,28.18
上港集团,600018,7.25,7.42,7.33,707401,315789,391588,7.24,4177,7.23,2134,7.22,1588,7.21,1363,7.20,2011,7.25,1721,7.26,968,7.27,761,7.28,1091,7.29,1124,15:00:03/7.25/7403/S/5367175/62003|14:57:03/7.25/3/B/2175/61212|14:56:59/7.25/251/B/181743/61194|14:56:56/7.24/109/S/78953/61182|14:56:53/7.24/65/S/47069/61167|14:56:50/7.24/58/S/42000/61152,20190318153000,-0.17,-2.29,7.40,7.08,7.25/707401/509608842,707401,50961,0.31,16.34,7.40,7.08,4.31,1680.09,1680.09,2.40,8.16,6.68,0.75,5608,7.21,16.34,16.34
宝钢股份,600019,7.57,7.32,7.34,992562,585178,407383,7.56,2566,7.55,2641,7.54,5020,7.53,4455,7.52,3785,7.57,7618,7.58,13719,7.59,5992,7.60,11050,7.61,1181,15:00:05/7.57/16848/S/12753936/62012|14:57:04/7.55/30/B/22650/61215|14:56:59/7.55/10077/B/7608135/61194|14:56:56/7.54/579/S/436977/61182|14:56:53/7.55/391/B/295093/61167|14:56:50/7.54/366/S/276227/61152,20190318153000,0.25,3.42,7.58,7.34,7.57/992562/740639351,992562,74064,0.45,7.25,7.58,7.34,3.28,1673.05,1686.30,0.99,8.05,6.59,1.42,-21093,7.46,8.03,8.80
中原高速,600020,6.19,6.30,6.16,1410050,650317,759688,6.18,2124,6.17,4742,6.16,2686,6.15,1129,6.14,331,6.19,974,6.20,3031,6.21,1360,6.22,1589,6.23,1237,15:00:03/6.19/13285/S/8223415/62003|14:57:03/6.19/2/B/1238/61212|14:56:59/6.19/120/S/74280/61194|14:56:56/6.19/627/B/388423/61182|14:56:53/6.19/510/B/315190/61167|14:56:50/6.19/145/B/89663/61152,20190318153000,-0.11,-1.75,6.25,5.88,6.19/1410050/854311078,1410050,85431,6.27,13.06,6.25,5.88,5.87,139.11,139.11,1.39,6.93,5.67,0.85,2821,6.06,10.66,11.86
上海电力,600021,9.06,9.00,8.99,96288,49204,47064,9.06,2000,9.05,1006,9.04,1432,9.03,62,9.02,493,9.07,1618,9.08,1302,9.09,1207,9.10,1151,9.11,162,15:00:05/9.06/934/S/846213/62012|14:56:59/9.07/59/B/53476/61194|14:56:56/9.06/3/S/2718/61182|14:56:53/9.06/12/S/10872/61167|14:56:50/9.06/50/S/45300/61152|14:56:47/9.07/30/B/27210/61138,20190318153000,0.06,0.67,9.09,8.85,9.06/96288/86402911,96288,8640,0.45,21.77,9.09,8.85,2.67,193.86,237.12,1.72,9.90,8.10,0.53,-447,8.98,24.92,25.55
山东钢铁,600022,2.02,1.95,1.96,2365515,1391464,974051,2.01,87690,2.00,39938,1.99,24620,1.98,39130,1.97,35314,2.02,52433,2.03,95827,2.04,47383,2.05,50353,2.06,42633,15:00:03/2.02/25579/S/5166958/62003|14:57:00/2.02/101/B/20402/61200|14:56:57/2.02/225/B/45378/61186|14:56:54/2.02/538/B/108676/61171|14:56:51/2.01/395/S/79770/61158|14:56:48/2.02/316/B/63832/61144,20190318153000,0.07,3.59,2.03,1.96,2.02/2339936/467084968,2365515,47225,2.16,6.76,2.03,1.96,3.59,221.12,221.12,1.08,2.15,1.76,1.25,-61937,2.00,6.86,11.49
浙能电力,600023,4.91,4.84,4.85,318867,166444,152421,4.90,6667,4.89,4884,4.88,2763,4.87,2333,4.86,3458,4.91,723,4.92,2551,4.93,2484,4.94,1554,4.95,3093,15:00:04/4.91/3960/S/1944360/62010|14:57:00/4.90/24/S/11776/61200|14:56:57/4.91/49/B/24059/61186|14:56:54/4.90/38/S/18632/61171|14:56:51/4.91/43/B/21106/61158|14:56:48/4.90/2291/S/1124872/61144,20190318153000,0.07,1.45,4.91,4.81,4.90/314907/153166472,318867,15511,0.23,15.36,4.91,4.81,2.07,667.79,667.79,1.08,5.32,4.36,0.98,9700,4.86,13.34,15.41
华能水电,600025,3.71,3.62,3.63,366159,226695,139461,3.70,4945,3.69,2905,3.68,4459,3.67,1236,3.66,2259,3.71,3050,3.72,18444,3.73,8968,3.74,5324,3.75,17703,15:00:04/3.71/5427/S/2013417/62010|14:57:01/3.71/93/S/34528/61203|14:56:57/3.72/55/B/20446/61186|14:56:54/3.72/35/B/12995/61171|14:56:51/3.71/51/S/18971/61158|14:56:48/3.71/37/S/13748/61144,20190318153000,0.09,2.49,3.72,3.61,3.71/360732/132678673,366159,13469,0.41,23.68,3.72,3.61,3.04,331.23,667.80,1.64,3.98,3.26,0.70,-37685,3.68,22.31,30.51
中远海能,600026,6.23,6.15,6.18,331644,185743,145853,6.23,12,6.22,2391,6.21,576,6.20,225,6.19,210,6.24,1806,6.25,1040,6.26,431,6.27,464,6.28,584,15:00:05/6.23/2731/S/1701675/62012|14:56:59/6.23/37/B/23044/61194|14:56:50/6.23/57/B/35511/61152|14:56:47/6.23/85/B/52952/61138|14:56:44/6.23/18/B/11214/61124|14:56:35/6.22/28/S/17417/61085,20190318153000,0.08,1.30,6.36,6.10,6.23/331644/207130755,331644,20713,1.21,100.31,6.36,6.10,4.23,170.45,251.20,0.90,6.77,5.54,1.10,-911,6.24,-70.21,14.22
华电国际,600027,4.51,4.44,4.47,629461,269824,359630,4.50,9563,4.49,2009,4.48,4412,4.47,1468,4.46,5853,4.51,3418,4.52,7552,4.53,6841,4.54,2730,4.55,3218,15:00:03/4.51/7289/S/3287339/62003|14:56:59/4.50/28/S/12600/61194|14:56:56/4.51/3307/B/1491457/61182|14:56:53/4.51/75/B/33767/61167|14:56:50/4.50/34/S/15303/61152|14:56:47/4.50/695/S/312780/61138,20190318153000,0.07,1.58,4.51,4.39,4.51/629461/279859541,629461,27986,0.90,20.28,4.51,4.39,2.70,315.51,444.82,1.03,4.88,4.00,0.97,-454,4.45,21.87,103.42
中国石化,600028,6.06,5.94,5.95,1708294,1051227,657067,6.06,8626,6.05,23163,6.04,18823,6.03,24125,6.02,17908,6.07,52647,6.08,39804,6.09,26264,6.10,30901,6.11,10513,15:00:05/6.06/16996/S/10299716/62012|14:57:02/6.06/670/S/406040/61207|14:56:57/6.06/207/S/125442/61188|14:56:54/6.06/462/B/279771/61176|14:56:52/6.06/171/B/103626/61163|14:56:48/6.06/119/B/72112/61147,20190318153000,0.12,2.02,6.07,5.92,6.06/1691298/1015811855,1708294,102611,0.18,10.09,6.07,5.92,2.53,5790.80,7336.92,1.02,6.53,5.35,1.32,-67484,6.01,9.17,14.35
南方航空,600029,8.30,8.18,8.19,1066801,520598,546180,8.29,4530,8.28,2687,8.27,1706,8.26,644,8.25,1247,8.30,5012,8.31,19826,8.32,3816,8.33,3453,8.34,16426,15:00:04/8.30/14707/S/12206810/62010|14:57:01/8.29/650/S/539113/61203|14:56:57/8.29/220/S/182399/61186|14:56:54/8.29/386/S/320297/61171|14:56:51/8.30/255/B/211486/61158|14:56:48/8.29/185/S/153445/61144,20190318153000,0.12,1.47,8.35,8.04,8.29/1052094/861423238,1066801,87363,1.52,33.50,8.35,8.04,3.79,582.88,1018.18,1.54,9.00,7.36,1.01,-37719,8.19,18.29,17.22
中信证券,600030,24.63,23.81,23.75,2994299,1543373,1450817,24.62,17148,24.61,777,24.60,2372,24.59,2023,24.58,1209,24.63,1248,24.64,1765,24.65,6972,24.66,1967,24.67,2222,15:00:03/24.63/35552/S/87564576/62003|14:57:03/24.62/149/B/366797/61212|14:56:59/24.62/915/B/2251936/61194|14:56:56/24.62/700/S/1723156/61182|14:56:53/24.62/1022/B/2515830/61167|14:56:50/24.61/843/S/2075037/61152,20190318153000,0.82,3.44,24.69,23.30,24.63/2994299/7210529502,2994299,721053,3.05,27.58,24.69,23.30,5.84,2417.35,2984.39,1.95,26.19,21.43,0.91,9355,24.08,30.60,26.10
三一重工,600031,12.99,12.38,12.40,1936115,1030123,905921,12.99,1046,12.98,3266,12.97,5421,12.96,5660,12.95,3556,13.00,29385,13.01,3145,13.02,5035,13.03,2870,13.04,1388,15:00:01/12.99/14845/S/19283590/61997|14:57:01/12.99/59/S/76656/61203|14:56:57/12.99/1096/S/1424668/61191|14:56:54/12.99/130/S/168904/61176|14:56:52/13.00/486/B/631668/61163|14:56:48/12.99/206/S/268356/61147,20190318153000,0.61,4.93,13.10,12.40,12.99/1936115/2480661973,1936115,248066,2.49,19.59,13.10,12.40,5.65,1008.42,1013.31,3.38,13.62,11.14,1.26,-22874,12.82,15.56,48.43
福建高速,600033,3.50,3.44,3.45,141155,75819,65335,3.49,2368,3.48,3664,3.47,2109,3.46,5842,3.45,2389,3.50,6846,3.51,2329,3.52,2225,3.53,787,3.54,1510,15:00:03/3.50/2036/S/712600/62003|14:56:56/3.50/3/B/1050/61182|14:56:53/3.49/38/S/13262/61167|14:56:47/3.49/32/S/11168/61138|14:56:41/3.49/210/S/73290/61113|14:56:35/3.49/220/S/76780/61085,20190318153000,0.06,1.74,3.50,3.43,3.50/141155/48781707,141155,4878,0.51,14.27,3.50,3.43,2.03,96.05,96.05,1.07,3.78,3.10,0.73,2675,3.46,11.87,14.64
楚天高速,600035,3.87,3.86,3.83,238839,100227,138611,3.87,2103,3.86,1141,3.85,1385,3.84,2436,3.83,959,3.88,700,3.89,4573,3.90,2780,3.91,1487,3.92,1250,15:00:03/3.87/3936/S/1523232/62003|14:57:03/3.88/10/S/3880/61212|14:57:00/3.88/20/S/7760/61200|14:56:57/3.89/151/B/58619/61186|14:56:54/3.88/13/S/5044/61171|14:56:51/3.89/228/B/88652/61158,20190318153000,0.01,0.26,3.89,3.76,3.88/234903/89680376,238839,9120,1.56,11.46,3.89,3.76,3.37,59.08,66.88,1.07,4.25,3.47,0.58,-2766,3.82,10.22,11.62
招商银行,600036,32.36,31.67,31.79,593130,314328,278704,32.36,113,32.35,475,32.34,112,32.33,89,32.32,180,32.37,89,32.38,478,32.39,456,32.40,584,32.41,49,15:00:03/32.36/7222/S/23372398/62003|14:56:59/32.36/3/M/9708/61194|14:56:56/32.37/175/B/566421/61182|14:56:53/32.36/78/S/250917/61167|14:56:47/32.36/422/B/1365453/61138|14:56:44/32.32/53/S/171316/61124,20190318153000,0.69,2.18,32.56,31.59,32.36/593130/1902942879,593130,190294,0.29,10.37,32.56,31.59,3.06,6675.53,8161.14,1.66,34.84,28.50,0.86,-687,32.08,9.08,11.63
歌华有线,600037,11.50,11.23,11.24,94071,51227,42823,11.50,177,11.48,80,11.47,251,11.46,557,11.45,94,11.51,241,11.52,75,11.53,34,11.54,164,11.55,139,15:00:05/11.50/1899/S/2183850/62012|14:56:59/11.50/2/M/2300/61194|14:56:56/11.51/9/B/10354/61182|14:56:47/11.51/32/B/36802/61138|14:56:35/11.47/2/S/2294/61085|14:56:32/11.50/8/B/9200/61071,20190318153000,0.27,2.40,11.51,11.15,11.50/94071/106500920,94071,10650,0.68,23.85,11.51,11.15,3.21,160.05,160.05,1.24,12.35,10.11,0.49,506,11.32,21.95,21.02
中直股份,600038,45.69,44.85,44.91,55265,30249,24946,45.69,84,45.68,374,45.67,3,45.66,31,45.65,87,45.70,281,45.72,118,45.73,24,45.74,11,45.75,112,15:00:04/45.69/402/S/1836738/62010|14:57:01/45.68/11/S/50254/61203|14:56:57/45.69/14/B/63966/61186|14:56:54/45.69/19/B/86809/61171|14:56:51/45.69/13/B/59397/61158|14:56:48/45.69/15/B/68533/61144,20190318153000,0.84,1.87,45.69,44.80,45.68/54863/248673012,55265,25051,0.94,54.94,45.69,44.80,1.98,269.33,269.33,3.62,49.34,40.37,0.64,33,45.33,65.95,59.14
四川路桥,600039,4.05,3.90,3.91,1012012,511682,500322,4.04,5207,4.03,6600,4.02,4331,4.01,5780,4.00,5549,4.05,13859,4.06,16496,4.07,11890,4.08,18668,4.09,11734,15:00:03/4.05/6122/S/2479410/62003|14:57:03/4.04/158/S/63988/61212|14:56:59/4.05/70/B/28340/61194|14:56:56/4.04/220/S/88890/61182|14:56:53/4.05/80/B/32400/61167|14:56:50/4.04/177/S/71519/61152,20190318153000,0.15,3.85,4.08,3.90,4.05/1012012/406905525,1012012,40691,2.93,12.38,4.08,3.90,4.62,140.01,146.23,1.10,4.29,3.51,1.84,-45180,4.02,19.88,13.74
保利地产,600048,14.40,13.78,13.86,2123305,1171713,951500,14.40,4169,14.39,630,14.38,1961,14.37,1767,14.36,4255,14.41,174,14.42,631,14.43,1428,14.44,3502,14.45,985,15:00:03/14.40/14960/S/21542414/62003|14:57:03/14.36/224/B/321614/61212|14:57:00/14.35/55/S/78944/61200|14:56:57/14.35/196/S/281419/61186|14:56:54/14.35/336/M/482243/61171|14:56:51/14.36/351/B/503864/61158,20190318153000,0.62,4.50,14.57,13.67,14.36/2108345/2982322015,2123305,300386,1.80,10.10,14.57,13.67,6.53,1695.30,1712.88,1.59,15.16,12.40,1.39,6062,14.15,13.39,10.96
中国联通,600050,7.07,6.91,6.98,2930184,1537255,1392919,7.06,12187,7.05,17647,7.04,8445,7.03,7897,7.02,6978,7.07,191,7.08,42249,7.09,25247,7.10,53757,7.11,12750,15:00:05/7.07/50618/S/35786926/62012|14:57:04/7.06/77/S/54369/61215|14:56:59/7.07/192/B/135660/61194|14:56:56/7.06/1240/S/875597/61182|14:56:53/7.07/250/B/176577/61167|14:56:50/7.07/830/B/586183/61152,20190318153000,0.16,2.32,7.08,6.83,7.07/2930184/2052353484,2930184,205235,1.38,53.78,7.08,6.83,3.62,1498.60,2194.60,1.57,7.60,6.22,0.56,-81040,7.00,53.78,53.78
宁波联合,600051,6.79,6.53,6.58,63297,41159,22129,6.78,241,6.77,499,6.76,127,6.75,13,6.74,71,6.79,2,6.80,751,6.81,813,6.82,700,6.83,308,15:00:03/6.79/562/S/381598/62003|14:57:00/6.80/3/B/2040/61200|14:56:57/6.80/7/B/4760/61186|14:56:51/6.80/12/B/8160/61158|14:56:48/6.80/1/B/680/61144|14:56:44/6.80/2/B/1360/61129,20190318153000,0.26,3.98,6.82,6.57,6.80/62735/42216929,63297,4260,2.04,4.61,6.82,6.57,3.83,21.11,21.11,0.91,7.18,5.88,0.90,-1623,6.73,19.68,4.39
浙江广厦,600052,3.65,3.50,3.54,67810,43243,24566,3.64,482,3.62,60,3.61,386,3.60,532,3.59,412,3.65,517,3.66,957,3.67,774,3.68,317,3.69,518,15:00:05/3.65/3912/S/1427880/62012|14:57:02/3.65/20/B/7300/61207|14:56:57/3.65/24/B/8760/61188|14:56:54/3.65/12/B/4380/61176|14:56:51/3.65/17/B/6205/61158|14:56:48/3.65/23/B/8395/61147,20190318153000,0.15,4.29,3.65,3.50,3.65/63898/22763514,67810,2419,0.78,12.39,3.65,3.50,4.29,31.82,31.82,1.31,3.85,3.15,0.59,-1211,3.56,22.06,16.87
九鼎投资,600053,26.48,26.30,27.01,70674,33410,37183,26.48,499,26.47,213,26.46,69,26.45,38,26.44,62,26.49,12,26.50,68,26.51,18,26.52,15,26.53,30,15:00:05/26.48/781/S/2068088/62012|14:57:04/26.48/1/S/2648/61215|14:56:59/26.48/11/B/29125/61194|14:56:56/26.47/14/S/37060/61182|14:56:53/26.48/13/B/34421/61167|14:56:47/26.47/3/S/7941/61138,20190318153000,0.18,0.68,27.30,24.99,26.48/70674/185459533,70674,18546,1.63,32.38,27.30,24.99,8.78,114.80,114.80,5.63,28.93,23.67,0.64,738,26.22,51.00,35.45
黄山旅游,600054,11.39,11.26,11.26,87623,40659,46951,11.39,285,11.38,318,11.37,482,11.36,350,11.35,276,11.40,353,11.41,344,11.42,454,11.43,424,11.44,259,15:00:05/11.39/1488/S/1694832/62012|14:56:50/11.37/143/S/162709/61152|14:56:47/11.37/9/S/10240/61138|14:56:44/11.37/50/S/56870/61124|14:56:41/11.38/20/B/22760/61113|14:56:38/11.38/34/B/38688/61101,20190318153000,0.13,1.15,11.45,11.18,11.39/87623/99296904,87623,9930,1.71,17.28,11.45,11.18,2.40,58.46,85.12,2.05,12.39,10.13,1.04,-123,11.33,15.17,20.56
万东医疗,600055,13.77,13.47,13.52,54572,26727,27823,13.76,364,13.75,347,13.74,45,13.73,30,13.71,45,13.77,144,13.78,276,13.79,313,13.80,1021,13.81,149,15:00:03/13.77/306/S/421362/62003|14:56:53/13.76/42/S/57824/61167|14:56:44/13.77/6/B/8262/61124|14:56:41/13.76/14/S/19274/61113|14:56:38/13.76/117/S/161017/61101|14:56:35/13.76/26/S/35785/61085,20190318153000,0.30,2.23,13.91,13.10,13.77/54572/74211846,54572,7421,1.01,55.41,13.91,13.10,6.01,74.47,74.47,3.91,14.82,12.12,0.54,-1072,13.60,63.18,68.25
中国医药,600056,15.89,15.07,15.20,324603,182229,142334,15.89,3089,15.88,621,15.87,552,15.86,2086,15.85,2387,15.90,898,15.91,209,15.92,172,15.93,188,15.94,203,15:00:04/15.89/7962/S/12651618/62010|14:57:01/15.85/2221/B/3518247/61203|14:56:57/15.79/10/S/15790/61186|14:56:54/15.80/61/B/96380/61171|14:56:51/15.80/14/B/22120/61158|14:56:48/15.80/139/B/219931/61144,20190318153000,0.82,5.44,15.89,15.12,15.85/316641/491985099,324603,50464,3.21,11.09,15.89,15.12,5.11,160.83,169.78,2.02,16.58,13.56,1.78,7065,15.54,10.27,13.08
厦门象屿,600057,4.98,4.84,4.87,195764,110953,84808,4.98,1093,4.97,2729,4.96,1161,4.95,1339,4.94,850,4.99,3590,5.00,4426,5.01,1982,5.02,3153,5.03,2367,15:00:05/4.98/2122/S/1056522/62012|14:56:57/4.98/220/B/109560/61188|14:56:54/4.98/30/B/14940/61176|14:56:37/4.97/15/S/7460/61095|14:56:33/4.98/112/B/55766/61082|14:56:22/4.97/5/S/2485/61030,20190318153000,0.14,2.89,5.01,4.85,4.98/193642/95546097,195764,9660,0.91,10.35,5.01,4.85,3.31,107.44,107.44,1.14,5.32,4.36,0.95,-8346,4.94,9.84,15.04
五矿发展,600058,8.53,8.08,8.18,110621,64422,46165,8.53,671,8.52,289,8.51,368,8.50,3990,8.49,12,8.54,629,8.55,711,8.56,311,8.57,212,8.58,922,15:00:05/8.53/1868/S/1593404/62012|14:56:54/8.52/13/B/11075/61176|14:56:42/8.52/5/B/4260/61122|14:56:40/8.52/31/S/26412/61109|14:56:37/8.53/82/B/69906/61095|14:56:33/8.53/10/B/8530/61082,20190318153000,0.45,5.57,8.58,8.18,8.52/108753/91056463,110621,9265,1.03,-22.89,8.58,8.18,4.95,91.43,91.43,2.00,8.89,7.27,1.38,2545,8.38,-17.33,264.93
古越龙山,600059,8.10,7.83,7.85,110299,60013,50284,8.09,1103,8.08,580,8.07,491,8.06,467,8.05,262,8.10,823,8.11,569,8.12,443,8.13,214,8.14,378,15:00:03/8.10/1509/S/1222290/62003|14:57:03/8.09/11/S/8909/61212|14:56:59/8.10/130/B/105300/61194|14:56:56/8.10/64/B/51840/61182|14:56:53/8.10/14/B/11340/61167|14:56:50/8.10/60/B/48600/61152,20190318153000,0.27,3.45,8.20,7.80,8.10/110299/89187698,110299,8919,1.36,37.09,8.20,7.80,5.11,65.49,65.49,1.63,8.61,7.05,1.55,476,8.09,42.81,39.85
海信电器,600060,10.93,10.73,10.78,315411,168831,146545,10.93,189,10.92,1414,10.91,983,10.90,1016,10.89,261,10.94,365,10.95,2921,10.96,769,10.97,1087,10.98,1431,15:00:03/10.93/6307/S/6893551/62003|14:57:00/10.93/135/S/147687/61200|14:56:57/10.93/147/S/160808/61186|14:56:54/10.93/17/S/18575/61171|14:56:51/10.93/71/B/77603/61158|14:56:48/10.92/147/S/160644/61144,20190318153000,0.20,1.86,10.97,10.57,10.93/309104/334207846,315411,34110,2.41,20.24,10.97,10.57,3.73,143.02,143.02,1.03,11.80,9.66,0.72,-2710,10.81,29.45,15.18
国投资本,600061,13.77,13.31,13.40,252959,139262,113629,13.77,451,13.76,885,13.75,122,13.74,25,13.73,13,13.78,1128,13.79,927,13.80,798,13.81,441,13.82,832,15:00:04/13.77/3346/S/4607276/62010|14:57:01/13.78/247/B/340133/61203|14:56:57/13.78/114/B/157092/61186|14:56:54/13.78/36/B/49608/61171|14:56:51/13.78/50/B/68900/61158|14:56:48/13.78/32/B/44096/61144,20190318153000,0.46,3.46,13.82,12.88,13.78/249613/334373290,252959,33898,0.61,33.07,13.82,12.88,7.06,574.74,582.08,1.59,14.64,11.98,0.82,-2630,13.40,39.76,22.48
华润双鹤,600062,13.99,13.33,13.34,389409,204140,185198,13.98,2107,13.97,1624,13.96,779,13.95,604,13.94,481,13.99,1193,14.00,2629,14.01,14,14.02,43,14.03,79,15:00:03/13.99/4313/S/6033887/62003|14:56:59/13.97/52/B/72612/61194|14:56:56/13.96/205/S/286347/61182|14:56:53/13.97/99/B/138293/61167|14:56:50/13.96/160/S/223445/61152|14:56:47/13.96/6/S/8376/61138,20190318153000,0.66,4.95,13.99,13.18,13.99/389409/530659626,389409,53066,4.73,15.07,13.99,13.18,6.08,115.17,145.95,1.86,14.66,12.00,1.68,1637,13.63,15.07,15.07
皖维高新,600063,3.43,3.38,3.41,343625,182700,160921,3.42,4843,3.41,1891,3.40,3654,3.39,966,3.38,3741,3.43,5085,3.44,5464,3.45,5946,3.46,2089,3.47,1727,15:00:03/3.43/4231/S/1451233/62003|14:56:56/3.42/11/S/3763/61182|14:56:53/3.43/7/B/2401/61167|14:56:50/3.43/3/B/1029/61152|14:56:47/3.43/16/B/5477/61138|14:56:44/3.42/73/S/24966/61124,20190318153000,0.05,1.48,3.44,3.35,3.43/343625/116828903,343625,11683,1.78,58.72,3.44,3.35,2.66,66.06,66.06,1.43,3.72,3.04,0.64,-5216,3.40,35.89,77.48
南京高科,600064,12.35,12.72,12.72,874611,404460,470034,12.35,631,12.34,1210,12.33,2980,12.32,278,12.31,572,12.36,906,12.37,778,12.38,1025,12.39,283,12.40,889,15:00:04/12.35/8829/S/10903568/62010|14:57:01/12.36/757/B/935251/61203|14:56:57/12.36/75/B/92681/61186|14:56:54/12.35/49/S/60515/61171|14:56:51/12.35/64/S/79040/61158|14:56:48/12.36/295/B/364268/61144,20190318153000,-0.37,-2.91,13.25,11.56,12.36/865782/1064298409,874611,107520,7.08,12.71,13.25,11.56,13.29,152.64,152.64,1.49,13.99,11.45,1.03,1790,12.28,14.37,16.13
宇通客车,600066,13.60,13.37,13.41,289634,134874,154734,13.59,2833,13.58,1051,13.57,304,13.56,829,13.55,505,13.60,3006,13.61,2153,13.62,1722,13.63,1004,13.64,326,15:00:01/13.60/2143/S/2914480/61997|14:57:01/13.60/33/B/44858/61203|14:56:57/13.59/75/S/101925/61191|14:56:54/13.60/38/B/51646/61176|14:56:52/13.60/47/B/63903/61163|14:56:48/13.59/35/S/47565/61147,20190318153000,0.23,1.72,13.66,13.34,13.60/289634/391043975,289634,39104,1.31,12.42,13.66,13.34,2.39,301.10,301.10,2.06,14.71,12.03,0.95,-2689,13.50,18.85,9.62
冠城大通,600067,4.99,4.99,5.01,307276,139900,167363,4.99,441,4.98,2420,4.97,1325,4.96,2555,4.95,294,5.00,1000,5.01,1611,5.02,1262,5.03,2125,5.04,417,15:00:05/4.99/3399/S/1696426/62012|14:57:04/4.98/179/S/89304/61215|14:56:59/4.99/245/B/122245/61194|14:56:56/4.99/78/B/38912/61182|14:56:53/4.99/25/B/12465/61167|14:56:50/4.99/237/S/118334/61152,20190318153000,0.00,0.00,5.05,4.81,4.99/307276/151190246,307276,15119,2.06,9.81,5.05,4.81,4.81,74.46,74.46,0.95,5.49,4.49,1.05,620,4.92,9.81,9.81
葛洲坝,600068,7.53,7.09,7.11,1293458,772301,521144,7.52,5462,7.51,5474,7.50,3230,7.49,852,7.48,1507,7.53,6194,7.54,7991,7.55,18772,7.56,4578,7.57,2456,15:00:01/7.53/8949/S/6738597/61997|14:57:02/7.51/165/S/124024/61207|14:56:57/7.52/1044/B/785076/61188|14:56:54/7.52/321/B/241347/61176|14:56:52/7.52/466/B/350352/61163|14:56:48/7.52/1328/B/998644/61147,20190318153000,0.44,6.21,7.55,7.10,7.53/1293458/953782808,1293458,95378,2.81,7.10,7.55,7.10,6.35,346.74,346.74,1.35,7.80,6.38,2.51,-23466,7.38,9.33,7.40
银鸽投资,600069,3.98,4.02,4.00,544550,232245,312295,3.97,3954,3.96,2669,3.95,1913,3.94,365,3.93,1628,3.98,1282,3.99,3283,4.00,6710,4.01,1476,4.02,2083,15:00:04/3.98/4747/S/1889306/62010|14:57:01/3.97/217/S/86354/61203|14:56:57/3.98/176/B/70048/61186|14:56:54/3.97/25/S/9945/61171|14:56:48/3.98/29/S/11542/61144|14:56:44/3.98/91/B/36218/61129,20190318153000,-0.04,-1.00,4.00,3.79,3.97/539803/210466090,544550,21236,3.35,120.09,4.00,3.79,5.22,64.63,64.63,3.04,4.42,3.62,0.92,-4305,3.90,334.80,116.26
浙江富润,600070,8.45,8.74,8.66,154279,67431,86840,8.44,155,8.43,194,8.42,270,8.41,33,8.40,455,8.45,626,8.46,115,8.47,188,8.48,147,8.49,283,15:00:03/8.45/1961/S/1657045/62003|14:57:00/8.46/4/B/3384/61200|14:56:57/8.46/36/B/30456/61186|14:56:54/8.46/90/M/76140/61171|14:56:51/8.47/129/B/109233/61158|14:56:48/8.46/3/S/2538/61144,20190318153000,-0.29,-3.32,8.67,8.14,8.46/152318/126602284,154279,12826,3.84,24.85,8.67,8.14,6.06,33.93,44.10,1.88,9.61,7.87,0.93,-252,8.31,23.30,26.54
凤凰光学,600071,12.02,11.73,11.95,26937,12400,14530,11.98,28,11.97,28,11.96,118,11.95,110,11.91,56,12.02,29,12.03,70,12.04,45,12.05,3,12.06,130,15:00:04/12.02/60/S/72120/62010|14:56:51/12.02/4/B/4808/61158|14:56:39/12.02/2/B/2404/61105|14:56:36/12.02/10/B/12020/61089|14:56:33/12.02/5/B/6010/61075|14:56:15/12.02/6/B/7212/61003,20190318153000,0.29,2.47,12.18,11.76,12.02/26937/32146443,26937,3215,1.13,44.10,12.18,11.76,3.58,28.54,28.54,6.80,12.90,10.56,1.03,63,11.95,-502.80,85.12
中船科技,600072,11.85,11.85,0.00,0,0,0,0.00,0,0.00,0,0.00,0,0.00,0,0.00,0,0.00,0,0.00,0,0.00,0,0.00,0,0.00,0,20190318153000,0.00,0.00,0.00,0.00,11.85/0/0,0,0,0.00,532.35,S,0.00,0.00,0.00,71.19,87.25,2.38,13.04,10.67,0.00,0,11.85,2484.27,286.81
上海梅林,600073,8.97,8.77,8.82,213878,112465,101387,8.96,634,8.95,313,8.94,816,8.93,1211,8.92,90,8.97,1059,8.98,1102,8.99,1033,9.00,1830,9.01,1058,15:00:05/8.97/2624/S/2353728/62012|14:57:02/8.96/146/B/130789/61207|14:56:57/8.96/70/B/62720/61188|14:56:54/8.96/6/B/5376/61176|14:56:51/8.96/11/B/9856/61158|14:56:48/8.96/16/B/14336/61147,20190318153000,0.20,2.28,9.01,8.34,8.96/211254/187168930,213878,18952,2.28,29.74,9.01,8.34,7.64,84.11,84.11,2.20,9.65,7.89,0.57,-3018,8.86,20.89,30.00
*ST保千,600074,1.24,1.23,1.25,187763,93516,94247,1.24,19365,1.23,13782,1.22,6055,1.21,8121,1.20,3428,1.25,9442,1.26,10885,1.27,9192,1.28,11017,1.29,24233,15:00:05/1.24/3140/S/389360/62012|14:56:59/1.24/817/S/102005/61194|14:56:50/1.24/1/S/124/61152|14:56:47/1.25/4914/B/614250/61138|14:56:41/1.25/30/B/3750/61113|14:56:29/1.25/10/B/1250/61059,20190318153000,0.01,0.81,1.25,1.21,1.24/187763/23237287,187763,2324,1.83,-0.36,1.25,1.21,3.25,12.72,30.23,-0.81,1.29,1.17,0.74,-14018,1.24,-6.18,-0.39
新疆天业,600075,5.63,5.50,5.56,159006,79930,79071,5.62,712,5.61,2027,5.60,878,5.59,749,5.58,1428,5.63,204,5.64,1187,5.65,1457,5.66,1842,5.67,1778,15:00:05/5.63/5079/S/2859477/62012|14:56:57/5.62/10/B/5620/61188|14:56:54/5.62/35/B/19670/61176|14:56:52/5.62/13/B/7306/61163|14:56:48/5.62/120/B/67420/61147|14:56:45/5.61/65/S/36519/61133,20190318153000,0.13,2.36,5.63,5.50,5.62/153927/85900554,159006,8876,2.59,15.96,5.63,5.50,2.36,34.57,54.75,1.19,6.05,4.95,1.16,-674,5.58,13.04,10.16
康欣新材,600076,5.08,4.93,4.97,223010,119897,103111,5.08,1869,5.07,2458,5.06,922,5.05,848,5.04,1066,5.09,6401,5.10,2968,5.11,1940,5.12,2435,5.13,1878,15:00:05/5.08/2662/S/1352296/62012|14:57:02/5.08/93/S/47244/61207|14:56:57/5.09/15/B/7635/61188|14:56:54/5.09/50/B/25450/61176|14:56:48/5.09/622/B/316598/61147|14:56:42/5.08/38/S/19304/61122,20190318153000,0.15,3.04,5.09,4.95,5.08/220348/110972271,223010,11232,2.16,10.94,5.09,4.95,2.84,52.54,52.54,1.44,5.42,4.44,0.71,-8459,5.04,10.90,11.27
宋都股份,600077,3.29,3.21,3.24,150007,81039,68964,3.28,824,3.27,1261,3.26,1529,3.25,1810,3.24,1701,3.29,4675,3.30,15580,3.31,2565,3.32,1872,3.33,1352,15:00:03/3.29/2067/S/680043/62003|14:57:00/3.29/3/B/987/61200|14:56:57/3.28/39/S/12796/61186|14:56:54/3.29/31/B/10199/61171|14:56:51/3.29/10/B/3290/61158|14:56:48/3.29/10/B/3290/61144,20190318153000,0.08,2.49,3.30,3.20,3.29/147940/48057620,150007,4874,1.12,14.18,3.30,3.20,3.12,44.09,44.09,1.14,3.53,2.89,0.80,-18919,3.25,19.35,28.32
澄星股份,600078,4.20,4.18,4.18,144131,65859,78262,4.19,2807,4.18,1069,4.17,434,4.16,564,4.15,414,4.20,3542,4.21,1427,4.22,962,4.23,1638,4.24,681,15:00:03/4.20/1518/S/637560/62003|14:57:03/4.19/4/S/1676/61212|14:56:59/4.20/122/B/51228/61194|14:56:56/4.19/101/S/42409/61182|14:56:53/4.19/18/S/7542/61167|14:56:50/4.20/55/B/23072/61152,20190318153000,0.02,0.48,4.24,4.13,4.20/144131/60097945,144131,6010,2.18,132.69,4.24,4.13,2.63,27.83,27.83,1.49,4.60,3.76,0.79,-2962,4.17,525.64,47.30
人福医药,600079,11.41,11.04,11.11,185596,102073,83469,11.41,495,11.40,131,11.39,339,11.38,253,11.37,288,11.42,328,11.43,165,11.44,413,11.45,2035,11.46,388,15:00:03/11.41/948/S/1081668/62003|14:56:59/11.41/10/B/11410/61194|14:56:56/11.40/10/S/11400/61182|14:56:53/11.40/101/S/115240/61167|14:56:50/11.40/10/S/11400/61152|14:56:47/11.41/150/B/171150/61138,20190318153000,0.37,3.35,11.46,10.97,11.41/185596/208729916,185596,20873,1.44,19.86,11.46,10.97,4.44,146.74,154.46,1.30,12.14,9.94,0.97,-1823,11.25,17.87,7.47
金花股份,600080,7.73,7.39,7.44,167253,96156,71085,7.72,1398,7.71,559,7.70,501,7.69,156,7.68,489,7.73,218,7.74,1072,7.75,1281,7.76,536,7.77,733,15:00:01/7.73/3193/S/2468189/61997|14:57:01/7.73/56/B/43288/61203|14:56:57/7.73/6/B/4638/61191|14:56:54/7.73/300/B/231900/61176|14:56:52/7.73/61/B/47153/61163|14:56:48/7.73/87/B/67251/61147,20190318153000,0.34,4.60,7.74,7.33,7.73/167253/126840418,167253,12684,5.48,48.51,7.74,7.33,5.55,23.60,28.85,1.63,8.13,6.65,0.91,-737,7.59,62.08,53.97
东风科技,600081,9.31,9.28,9.30,46385,22867,23513,9.30,991,9.29,395,9.28,138,9.27,800,9.26,206,9.31,247,9.32,204,9.33,311,9.34,112,9.35,314,15:00:03/9.31/621/S/578151/62003|14:57:03/9.30/5/S/4650/61212|14:57:00/9.31/30/B/27930/61200|14:56:57/9.31/132/S/122892/61186|14:56:54/9.31/13/S/12103/61171|14:56:51/9.31/6/S/5586/61158,20190318153000,0.03,0.32,9.34,9.11,9.30/45764/42231928,46385,4281,1.48,21.75,9.34,9.11,2.48,29.19,29.19,2.19,10.21,8.35,0.99,1342,9.23,18.16,20.97
海泰发展,600082,5.60,5.67,5.60,467665,220946,246695,5.60,2246,5.59,318,5.58,428,5.57,1638,5.56,80,5.61,2195,5.62,3045,5.63,1342,5.64,583,5.65,1255,15:00:03/5.60/3220/S/1803200/62003|14:57:03/5.61/5/B/2805/61212|14:57:00/5.61/159/B/89174/61200|14:56:57/5.60/378/S/211728/61186|14:56:54/5.61/56/B/31375/61171|14:56:51/5.61/90/S/50602/61158,20190318153000,-0.07,-1.23,5.76,5.16,5.61/464445/250441467,467665,25224,7.38,61.59,5.76,5.16,10.58,35.50,36.18,2.15,6.24,5.10,0.87,-3710,5.39,2518.55,253.41
博信股份,600083,18.08,17.94,17.79,20862,12011,8848,18.08,293,18.07,52,18.06,30,18.05,33,18.04,20,18.09,45,18.10,178,18.11,225,18.12,168,18.13,49,15:00:03/18.08/194/S/350752/62003|14:56:59/18.08/2/S/3616/61194|14:56:56/18.08/7/S/12656/61182|14:56:32/18.08/2/S/3616/61071|14:56:26/18.09/45/B/81405/61046|14:56:17/18.09/16/S/28945/61012,20190318153000,0.14,0.78,18.12,17.78,18.08/20862/37520205,20862,3752,0.92,175.13,18.12,17.78,1.90,41.22,41.58,52.53,19.73,16.15,0.89,-237,17.99,210.08,493.94
中葡股份,600084,3.52,3.40,3.40,408244,218052,190177,3.51,3213,3.50,1543,3.49,1565,3.48,1947,3.47,1035,3.52,2177,3.53,3777,3.54,2672,3.55,3261,3.56,5283,15:00:00/3.52/4838/S/1702976/61991|14:57:01/3.51/20/S/7020/61203|14:56:57/3.52/1340/B/471678/61186|14:56:54/3.51/734/B/258099/61171|14:56:51/3.51/198/B/69498/61158|14:56:48/3.51/13/B/4563/61144,20190318153000,0.12,3.53,3.58,3.30,3.52/408244/142265910,408244,14227,3.63,-39.24,3.58,3.30,8.24,39.56,39.56,1.75,3.74,3.06,0.92,-7867,3.48,-35.37,-44.01
同仁堂,600085,31.01,30.32,30.33,138607,80229,57927,31.00,333,30.99,423,30.98,107,30.97,19,30.96,115,31.01,643,31.02,537,31.03,47,31.04,10,31.05,58,15:00:13/31.01/1093/S/3389393/62029|14:57:01/30.99/11/S/34089/61203|14:56:57/30.99/7/S/21698/61191|14:56:54/31.00/65/B/201500/61176|14:56:52/31.00/3/B/9300/61163|14:56:48/31.00/46/B/142596/61147,20190318153000,0.69,2.28,31.37,30.21,30.99/137514/425622460,138607,42901,1.01,40.59,31.37,30.21,3.83,425.29,425.29,4.73,33.35,27.29,1.46,-298,30.96,37.54,41.80
东方金钰,600086,5.72,5.70,5.55,971947,474461,497432,5.71,2444,5.70,2512,5.69,360,5.68,412,5.67,124,5.72,30,5.73,404,5.74,274,5.75,1197,5.76,544,15:00:03/5.72/17475/S/9995242/62003|14:57:03/5.72/24/B/14186/61212|14:57:00/5.72/172/B/98368/61200|14:56:57/5.72/167/B/95458/61186|14:56:54/5.71/567/S/323780/61171|14:56:51/5.72/469/B/267714/61158,20190318153000,0.02,0.35,5.97,5.21,5.72/954472/523209460,971947,53320,9.20,-85.33,5.97,5.21,13.33,60.45,77.22,2.46,6.27,5.13,0.87,3403,5.48,-81.59,33.40
中视传媒,600088,18.51,16.83,17.40,253160,106221,146912,18.51,16025,18.50,49,18.49,33,18.48,113,18.47,223,0.00,0,0.00,0,0.00,0,0.00,0,0.00,0,15:00:13/18.51/71/S/131051/62029|14:56:54/18.51/1/S/1851/61176|14:56:07/18.51/1/S/1851/60963|14:55:45/18.51/1/S/1851/60870|14:55:30/18.51/4/S/7404/60798|14:55:16/18.51/3/S/5553/60723,20190318153000,1.68,9.98,18.51,17.00,18.51/253160/460586209,253160,46059,6.37,78.83,18.51,17.00,8.97,73.62,73.62,6.44,18.51,15.15,0.93,16443,18.22,71.30,89.53
特变电工,600089,8.45,8.32,8.33,561811,279065,282730,8.45,6519,8.44,4227,8.43,1283,8.42,2230,8.41,1556,8.46,2458,8.47,3862,8.48,3223,8.49,2893,8.50,4216,15:00:03/8.45/5390/S/4554711/62009|14:57:01/8.45/279/S/235980/61203|14:56:57/8.45/15/S/12675/61186|14:56:54/8.46/212/B/179202/61171|14:56:51/8.45/120/S/101242/61158|14:56:48/8.45/172/S/145462/61144,20190318153000,0.13,1.56,8.46,8.22,8.45/556421/464939057,561811,46949,1.51,13.77,8.46,8.22,2.88,313.86,313.88,1.08,9.15,7.49,0.46,-837,8.36,12.14,14.29
同济堂,600090,6.31,6.20,6.23,188147,100423,87720,6.31,2351,6.30,2371,6.29,1638,6.28,802,6.27,1063,6.32,3369,6.33,1911,6.34,1247,6.35,1990,6.36,1138,15:00:03/6.31/5103/S/3220100/62003|14:56:59/6.30/81/B/51010/61194|14:56:56/6.30/329/B/206960/61182|14:56:53/6.29/10/S/6290/61167|14:56:50/6.29/48/S/30230/61152|14:56:41/6.29/24/S/15110/61113,20190318153000,0.11,1.77,6.35,6.13,6.31/188147/117729743,188147,11773,2.68,17.62,6.35,6.13,3.55,44.34,90.84,1.46,6.82,5.58,0.74,-1430,6.26,16.91,17.64
ST明科,600091,4.19,4.10,4.12,30016,15715,14299,4.19,739,4.18,1202,4.17,1077,4.16,124,4.15,40,4.20,186,4.21,390,4.22,988,4.23,332,4.24,308,15:00:05/4.19/796/S/333524/62012|14:56:47/4.19/233/S/97637/61138|14:56:20/4.19/19/S/7961/61024|14:54:47/4.20/50/B/21000/60578|14:54:17/4.20/211/S/88620/60440|14:54:14/4.21/5/B/2105/60425,20190318153000,0.09,2.20,4.22,4.07,4.19/30016/12532442,30016,1253,0.69,-141.08,4.22,4.07,3.66,18.33,18.33,2.06,4.31,3.90,0.87,978,4.18,-259.14,328.31
易见股份,600093,12.51,12.30,12.31,159736,73092,86622,12.51,398,12.50,500,12.49,117,12.48,18,12.44,118,12.52,281,12.53,46,12.54,34,12.55,48,12.56,57,15:00:13/12.51/5883/S/7359633/62029|14:57:01/12.52/19/B/23779/61203|14:56:57/12.52/10/B/12520/61191|14:56:54/12.51/62/S/77566/61176|14:56:52/12.51/22/S/27534/61163|14:56:48/12.52/168/B/210336/61147,20190318153000,0.21,1.71,12.64,12.10,12.52/153853/190446637,159736,19781,1.42,15.97,12.64,12.10,4.39,140.42,140.42,2.02,13.53,11.07,0.53,685,12.38,15.55,17.22
大名城,600094,6.90,6.61,7.18,553403,228034,325317,6.88,30,6.86,4,6.85,36,6.84,30,6.83,157,6.90,2744,6.91,30,6.92,94,6.93,4936,6.94,533,15:00:05/6.90/5777/S/3986130/62012|14:56:57/6.82/14/S/9581/61188|14:56:54/6.88/24/B/16483/61176|14:56:48/6.94/765/B/527207/61147|14:56:37/6.92/356/B/245238/61095|14:56:33/6.82/61/S/41794/61078,20190318153000,0.29,4.39,7.18,6.61,6.90/553403/376273558,553403,37627,2.43,21.07,7.18,6.61,8.62,157.09,170.80,1.47,7.27,5.95,1.46,-8080,6.78,230.26,12.10
哈高科,600095,5.11,5.14,5.25,213778,90833,122939,5.11,1755,5.10,1928,5.09,1645,5.08,927,5.07,844,5.12,1124,5.13,846,5.14,498,5.15,739,5.16,461,15:00:05/5.11/1708/S/872563/62012|14:56:57/5.12/53/B/27116/61188|14:56:54/5.12/118/B/60416/61176|14:56:48/5.11/14/S/7154/61147|14:56:45/5.11/19/S/9710/61133|14:56:42/5.12/10/B/5120/61122,20190318153000,-0.03,-0.58,5.25,5.02,5.11/213778/108861050,213778,10886,5.92,152.03,5.25,5.02,4.47,18.46,18.46,2.54,5.65,4.63,0.73,3431,5.09,-524.14,88.15
云天化,600096,6.66,6.55,6.54,98943,52656,46278,6.66,284,6.65,199,6.64,1003,6.63,284,6.62,671,6.67,1182,6.68,588,6.69,949,6.70,288,6.71,37,15:00:05/6.66/528/S/351648/62012|14:56:59/6.67/20/B/13340/61194|14:56:56/6.66/58/B/38522/61182|14:56:53/6.66/11/B/7326/61167|14:56:50/6.66/32/B/21312/61152|14:56:47/6.66/159/B/105894/61138,20190318153000,0.11,1.68,6.67,6.52,6.66/98943/65364051,98943,6536,0.75,36.05,6.67,6.52,2.29,88.00,95.08,2.20,7.21,5.90,0.78,-603,6.61,85.99,47.10
开创国际,600097,12.99,13.10,12.90,95758,39376,56359,12.99,576,12.98,124,12.97,61,12.96,117,12.95,137,13.00,564,13.01,361,13.02,393,13.03,224,13.04,22,15:00:03/12.99/2157/S/2801943/62003|14:57:00/13.02/94/B/122344/61200|14:56:57/13.01/159/B/206784/61186|14:56:54/13.00/126/S/163800/61171|14:56:51/13.01/27/B/35106/61158|14:56:48/13.01/26/B/33820/61144,20190318153000,-0.11,-0.84,13.03,12.41,13.02/93601/118500304,95758,12130,4.23,14.38,13.03,12.41,4.73,29.39,31.30,1.92,14.41,11.79,1.75,-549,12.66,19.16,25.54
广州发展,600098,6.31,6.20,6.22,68453,38159,30293,6.31,39,6.30,3130,6.29,973,6.28,264,6.27,454,6.32,1329,6.33,1884,6.34,841,6.35,1891,6.36,737,15:00:05/6.31/1050/S/662550/62012|14:56:59/6.31/4/S/2524/61194|14:56:56/6.31/79/S/49849/61182|14:56:53/6.31/8/S/5048/61167|14:56:47/6.31/50/S/31550/61138|14:56:44/6.31/1/S/631/61124,20190318153000,0.11,1.77,6.33,6.17,6.31/68453/42873563,68453,4287,0.25,23.55,6.33,6.17,2.58,172.02,172.02,1.05,6.82,5.58,0.77,-1822,6.26,20.01,25.35
林海股份,600099,7.19,7.08,7.12,39599,17695,21895,7.18,118,7.17,32,7.16,127,7.15,10,7.14,201,7.19,136,7.20,422,7.21,181,7.22,301,7.23,327,15:00:05/7.19/868/S/624092/62012|14:56:56/7.19/1/B/719/61182|14:56:53/7.19/9/B/6471/61167|14:56:47/7.19/3/B/2157/61138|14:56:44/7.19/5/B/3595/61124|14:56:41/7.19/10/B/7190/61113,20190318153000,0.11,1.55,7.25,7.08,7.19/39599/28394749,39599,2839,1.81,-7466.64,7.25,7.08,2.40,15.75,15.75,3.35,7.79,6.37,0.84,-879,7.17,5696.63,817.58
同方股份,600100,11.85,12.02,12.08,437335,185688,251571,11.84,100,11.82,54,11.81,379,11.80,859,11.79,2716,11.85,446,11.86,258,11.87,242,11.88,254,11.89,739,15:00:12/11.85/5744/S/6806640/62028|14:57:01/11.79/66/S/77856/61203|14:56:57/11.79/15/S/17685/61191|14:56:54/11.80/142/B/167422/61176|14:56:52/11.79/62/B/73048/61163|14:56:48/11.79/60/B/70737/61147,20190318153000,-0.17,-1.41,12.09,11.55,11.79/431591/506530821,437335,51334,1.48,-123.45,12.09,11.55,4.49,351.22,351.22,1.76,13.22,10.82,0.83,2169,11.74,-46.02,338.89
明星电力,600101,8.40,8.24,8.27,51671,29486,22183,8.40,337,8.39,475,8.38,677,8.37,298,8.36,443,8.41,523,8.42,158,8.43,298,8.44,216,8.45,332,15:00:03/8.40/1114/S/935760/62003|14:57:00/8.40/128/B/107520/61200|14:56:54/8.40/33/B/27690/61171|14:56:51/8.39/2/S/1678/61158|14:56:48/8.40/118/B/99120/61144|14:56:44/8.40/54/B/45360/61129,20190318153000,0.16,1.94,8.40,8.20,8.40/51671/42990710,51671,4299,1.59,24.89,8.40,8.20,2.43,27.23,27.23,1.25,9.06,7.42,0.57,703,8.32,19.45,27.76
青山纸业,600103,3.22,3.15,3.16,148402,81093,67309,3.21,3134,3.20,4963,3.19,1346,3.18,1248,3.17,1331,3.22,258,3.23,4071,3.24,3965,3.25,5954,3.26,986,15:00:12/3.22/3870/S/1246140/62028|14:57:01/3.22/22/B/7084/61203|14:56:57/3.22/62/B/19932/61191|14:56:54/3.22/18/B/5796/61176|14:56:52/3.22/18/B/5796/61163|14:56:48/3.22/643/B/207046/61147,20190318153000,0.07,2.22,3.22,3.14,3.22/144532/46153303,148402,4740,1.40,32.30,3.22,3.14,2.54,34.19,57.11,1.65,3.47,2.84,0.85,-3212,3.19,24.87,54.19
上汽集团,600104,26.35,25.78,25.95,513306,277380,235865,26.35,1620,26.34,1384,26.33,859,26.32,570,26.31,878,26.36,627,26.37,644,26.38,1019,26.39,723,26.40,1091,15:00:05/26.35/6013/S/15844914/62012|14:57:04/26.34/62/S/163358/61215|14:56:59/26.35/62/B/163374/61194|14:56:56/26.35/62/B/163370/61182|14:56:53/26.34/73/S/192338/61167|14:56:50/26.35/62/B/163365/61152,20190318153000,0.57,2.21,26.43,25.67,26.35/513306/1339408814,513306,133941,0.45,8.22,26.43,25.67,2.95,3031.15,3078.59,1.33,28.36,23.20,0.95,1207,26.09,8.34,8.95
永鼎股份,600105,5.62,5.50,5.54,278267,150376,127878,5.62,1905,5.61,978,5.60,1332,5.59,546,5.58,764,5.63,9400,5.64,1120,5.65,4132,5.66,1657,5.67,1236,15:00:05/5.62/2810/S/1579669/62012|14:56:59/5.62/84/S/47208/61194|14:56:56/5.63/58/B/32648/61182|14:56:53/5.63/287/B/161511/61167|14:56:50/5.62/20/S/11240/61152|14:56:47/5.62/56/S/31518/61138,20190318153000,0.12,2.18,5.63,5.43,5.62/278267/154228471,278267,15423,2.25,30.64,5.63,5.43,3.64,69.54,70.42,2.63,6.05,4.95,0.70,-12020,5.54,49.49,24.16
重庆路桥,600106,3.80,3.68,3.67,398268,211090,187172,3.80,4430,3.79,3085,3.78,1962,3.77,1790,3.76,1654,3.81,9435,3.82,3773,3.83,3047,3.84,5990,3.85,4625,15:00:03/3.80/2502/S/950547/62009|14:57:01/3.80/14/S/5320/61203|14:56:57/3.80/20/S/7600/61186|14:56:54/3.80/755/S/286948/61171|14:56:51/3.80/10/S/3800/61158|14:56:48/3.80/40/S/15200/61144,20190318153000,0.12,3.26,3.84,3.62,3.80/395766/148633159,398268,14958,3.63,15.76,3.84,3.62,5.98,41.74,41.74,1.17,4.05,3.31,1.52,-13949,3.75,14.53,14.89
美尔雅,600107,7.91,7.75,7.69,116163,65144,51014,7.90,1462,7.89,34,7.88,93,7.87,1017,7.86,289,7.91,1824,7.92,841,7.93,1150,7.94,937,7.95,1682,15:00:03/7.91/1887/S/1492617/62009|14:57:01/7.91/311/B/246001/61203|14:56:57/7.90/6/S/4740/61186|14:56:54/7.90/2/S/1580/61171|14:56:48/7.90/18/S/14315/61144|14:56:44/7.90/13/S/10270/61129,20190318153000,0.16,2.06,7.95,7.65,7.91/116163/90543956,116163,9054,3.23,403.26,7.95,7.65,3.87,28.48,28.48,5.16,8.53,6.98,0.56,-3539,7.80,-553.48,616.87
亚盛集团,600108,3.35,3.25,3.26,255455,120267,135187,3.34,2377,3.33,10242,3.32,3124,3.31,2144,3.30,4832,3.35,5937,3.36,4718,3.37,3388,3.38,2505,3.39,6392,15:00:05/3.35/6460/S/2164100/62012|14:57:02/3.34/15/S/5010/61207|14:56:57/3.34/491/S/164480/61188|14:56:54/3.35/100/B/33500/61176|14:56:52/3.35/36/B/12060/61163|14:56:42/3.35/25/B/8375/61122,20190318153000,0.10,3.08,3.35,3.22,3.35/255455/84340964,255455,8434,1.31,66.06,3.35,3.22,4.00,65.22,65.22,1.38,3.58,2.93,0.58,-221,3.30,78.07,66.63
国金证券,600109,10.30,10.14,10.12,706247,383157,323051,10.30,910,10.29,5474,10.28,2617,10.27,707,10.26,857,10.31,1925,10.32,2492,10.33,2862,10.34,2450,10.35,2605,15:00:00/10.30/11549/S/11895954/61991|14:57:01/10.29/115/S/118445/61203|14:56:57/10.29/48/S/49392/61186|14:56:54/10.29/133/S/136871/61171|14:56:51/10.29/109/S/112161/61158|14:56:48/10.29/35/B/36015/61144,20190318153000,0.16,1.58,10.31,9.92,10.30/706247/716675817,706247,71668,2.34,30.16,10.31,9.92,3.85,311.51,311.51,1.62,11.15,9.13,0.78,-1769,10.15,32.89,25.93
诺德股份,600110,5.15,5.06,5.06,348112,186226,161884,5.14,3291,5.13,1187,5.12,2834,5.11,3306,5.10,4684,5.15,1532,5.16,3924,5.17,1672,5.18,2496,5.19,4160,15:00:03/5.15/3114/S/1603710/62009|14:56:57/5.14/12/S/6168/61186|14:56:54/5.15/310/B/159640/61171|14:56:51/5.15/51/B/26265/61158|14:56:48/5.15/1/B/515/61144|14:56:44/5.15/254/B/130610/61129,20190318153000,0.09,1.78,5.16,5.05,5.14/344998/175983104,348112,17759,3.03,67.89,5.16,5.05,2.17,59.24,59.24,2.84,5.57,4.55,0.51,1518,5.10,73.10,31.17
北方稀土,600111,11.87,11.69,12.20,1486500,719055,767398,11.87,3340,11.86,11164,11.85,915,11.84,1410,11.83,1546,11.88,2396,11.89,858,11.90,2532,11.91,2715,11.92,486,15:00:05/11.87/19072/S/22638476/62012|14:57:02/11.86/138/S/163732/61207|14:56:57/11.87/2613/B/3098454/61188|14:56:54/11.85/381/B/451529/61176|14:56:52/11.85/382/B/452632/61163|14:56:48/11.84/199/S/235708/61147,20190318153000,0.18,1.54,12.47,11.77,11.86/1467428/1768199278,1486500,179084,4.09,99.91,12.47,11.77,5.99,431.24,431.24,4.75,12.86,10.52,1.45,9388,12.05,85.25,107.45
天成控股,600112,5.03,4.97,4.96,212845,99558,113282,5.03,1715,5.02,2887,5.01,1437,5.00,1791,4.99,231,5.04,1371,5.05,3442,5.06,1033,5.07,1403,5.08,2982,15:00:05/5.03/6280/S/3158840/62012|14:57:02/5.03/402/B/202114/61207|14:56:57/5.03/8/B/4024/61188|14:56:54/5.03/81/B/40743/61176|14:56:52/5.03/110/B/55330/61163|14:56:48/5.03/20/B/10060/61147,20190318153000,0.06,1.21,5.05,4.82,5.03/212845/105095180,212845,10510,4.18,30.38,5.05,4.82,4.63,25.61,25.61,2.02,5.47,4.47,0.51,-2170,4.94,23.61,129.69
浙江东日,600113,8.43,8.27,8.35,114810,54822,59985,8.43,863,8.42,383,8.41,471,8.40,1005,8.39,1107,8.44,707,8.45,660,8.46,355,8.47,91,8.48,434,15:00:01/8.43/2074/S/1748137/61997|14:56:54/8.42/103/S/86597/61176|14:56:42/8.41/41/B/34649/61122|14:56:40/8.41/8/B/6728/61109|14:56:37/8.41/47/B/39523/61095|14:56:33/8.41/295/B/248095/61082,20190318153000,0.16,1.93,8.44,8.24,8.43/114810/95948069,114810,9595,2.79,33.14,8.44,8.24,2.42,34.68,34.68,2.95,9.10,7.44,0.56,1582,8.36,33.14,33.14
东睦股份,600114,8.33,8.11,8.17,273298,144290,128992,8.33,1335,8.32,715,8.31,660,8.30,630,8.29,107,8.34,575,8.35,303,8.36,550,8.37,1500,8.38,1329,15:00:05/8.33/3785/S/3153039/62012|14:56:53/8.34/145/S/120930/61167|14:56:50/8.35/160/B/133498/61152|14:56:47/8.35/35/B/29225/61138|14:56:44/8.35/351/B/292755/61124|14:56:41/8.34/75/S/62605/61113,20190318153000,0.22,2.71,8.38,7.92,8.33/273298/222872108,273298,22287,4.31,15.85,8.38,7.92,5.67,52.85,53.77,2.04,8.92,7.30,1.37,-810,8.16,16.20,17.92
东方航空,600115,6.35,6.23,6.23,1193636,590728,602885,6.35,11783,6.34,1387,6.33,4288,6.32,2164,6.31,3774,6.36,4971,6.37,4906,6.38,6573,6.39,2567,6.40,6352,15:00:05/6.35/25748/S/16350190/62012|14:57:04/6.35/75/B/47613/61215|14:56:59/6.35/1159/B/734175/61194|14:56:56/6.35/1871/B/1186970/61182|14:56:53/6.34/212/S/134572/61167|14:56:50/6.35/402/B/255169/61152,20190318153000,0.12,1.93,6.36,6.09,6.35/1193636/741658345,1193636,74166,1.22,31.39,6.36,6.09,4.33,622.84,918.69,1.59,6.85,5.61,1.33,-1973,6.22,15.35,14.46
三峡水利,600116,9.96,9.96,0.00,0,0,0,0.00,0,0.00,0,0.00,0,0.00,0,0.00,0,0.00,0,0.00,0,0.00,0,0.00,0,0.00,0,20190318153000,0.00,0.00,0.00,0.00,9.96/0/0,0,0,0.00,31.01,S,0.00,0.00,0.00,98.90,98.90,3.51,10.96,8.96,0.00,0,9.96,42.46,28.80
西宁特钢,600117,4.47,4.06,4.05,464066,237717,226347,4.47,49610,4.46,367,4.45,305,4.44,215,4.43,124,0.00,0,0.00,0,0.00,0,0.00,0,0.00,0,15:00:12/4.47/5101/S/2280147/62028|14:56:57/4.47/20/S/8940/61189|14:56:52/4.47/198/S/88506/61163|14:56:48/4.47/144/S/64368/61147|14:56:42/4.47/167/S/74649/61122|14:56:30/4.47/20/S/8940/61068,20190318153000,0.41,10.10,4.47,4.00,4.47/458965/194746587,464066,19703,6.26,-13.16,4.47,4.00,11.58,33.13,46.72,1.83,4.47,3.65,2.32,50621,4.25,-6.08,78.11
中国卫星,600118,25.40,25.05,25.08,176570,89079,87404,25.39,702,25.38,120,25.37,310,25.36,794,25.35,211,25.40,18,25.41,342,25.42,55,25.43,397,25.44,38,15:00:03/25.40/1226/S/3114040/62009|14:56:57/25.36/40/S/101498/61186|14:56:54/25.38/22/B/55818/61171|14:56:51/25.37/12/B/30444/61158|14:56:48/25.36/9/S/22826/61144|14:56:44/25.37/172/S/436408/61129,20190318153000,0.35,1.40,25.55,24.60,25.36/175344/441092445,176570,44421,1.49,71.04,25.55,24.60,3.79,300.35,300.35,5.63,27.56,22.55,0.39,1287,25.16,83.76,73.33
长江投资,600119,7.98,8.35,8.10,385376,180941,204387,7.98,4845,7.97,390,7.96,202,7.95,1180,7.94,303,7.99,361,8.00,189,8.01,474,8.02,697,8.03,221,15:00:01/7.98/3175/S/2533315/61997|14:57:01/7.98/27/B/21546/61203|14:56:57/7.98/98/B/78201/61189|14:56:54/7.98/11/B/8778/61176|14:56:52/7.98/526/S/420080/61163|14:56:48/7.99/215/S/171922/61147,20190318153000,-0.37,-4.43,8.23,7.52,7.98/385376/300906675,385376,30091,12.54,-6.00,8.23,7.52,8.50,24.53,24.53,4.71,9.19,7.52,1.67,4978,7.80,-6.32,-26.18
浙江东方,600120,17.67,17.48,17.84,141241,62057,79147,17.67,192,17.66,583,17.65,198,17.64,101,17.63,132,17.68,114,17.69,412,17.70,769,17.71,362,17.72,198,15:00:05/17.67/1886/S/3332226/62012|14:57:02/17.66/100/S/176812/61207|14:56:57/17.69/5/S/8845/61188|14:56:54/17.69/137/S/242353/61176|14:56:52/17.69/357/B/631575/61163|14:56:48/17.67/4/B/7068/61147,20190318153000,0.19,1.09,17.90,17.10,17.66/139355/242872352,141241,24620,2.12,22.16,17.90,17.10,4.58,117.53,154.50,1.61,19.23,15.73,0.68,-649,17.43,20.50,21.47
郑州煤电,600121,3.82,3.47,3.47,390046,207850,182190,3.82,41744,3.81,556,3.80,253,3.79,231,3.78,568,0.00,0,0.00,0,0.00,0,0.00,0,0.00,0,15:00:12/3.82/948/S/362136/62028|14:56:54/3.82/5/S/1910/61176|14:56:22/3.82/28/S/10696/61030|14:56:09/3.82/40/S/15280/60977|14:55:49/3.82/20/S/7640/60884|14:55:42/3.82/2009/S/767438/60855,20190318153000,0.35,10.09,3.82,3.46,3.82/389098/144688030,390046,14505,3.84,21.91,3.82,3.46,10.37,38.79,38.79,1.07,3.82,3.12,2.62,43352,3.72,17.65,6.18
宏图高科,600122,4.67,4.58,4.56,373528,161856,211657,4.66,3294,4.65,2294,4.64,3399,4.63,2524,4.62,1420,4.67,883,4.68,2763,4.69,1458,4.70,1179,4.71,750,15:00:12/4.67/6261/S/2923887/62028|14:57:01/4.67/100/B/46700/61203|14:56:57/4.66/120/S/56020/61189|14:56:54/4.67/55/B/25650/61176|14:56:52/4.67/22/B/10274/61163|14:56:48/4.67/12/B/5604/61147,20190318153000,0.09,1.97,4.67,4.49,4.67/367267/168058163,373528,17098,3.22,-25.27,4.67,4.49,3.93,54.09,54.09,0.69,5.04,4.12,0.61,5898,4.58,-11.40,8.89
兰花科创,600123,8.07,7.82,7.86,367492,185559,181926,8.06,3574,8.05,1459,8.04,1379,8.03,849,8.02,273,8.07,2800,8.08,3790,8.09,3525,8.10,6489,8.11,510,15:00:12/8.07/2886/S/2329002/62028|14:57:01/8.06/3/S/2419/61203|14:56:57/8.07/126/B/101682/61189|14:56:54/8.07/41/B/33087/61176|14:56:52/8.06/1/S/806/61163|14:56:48/8.07/257/B/207199/61147,20190318153000,0.25,3.20,8.07,7.81,8.07/367492/293214063,367492,29321,3.22,8.97,8.07,7.81,3.32,92.19,92.19,0.91,8.60,7.04,1.70,-9580,7.98,7.00,11.80
铁龙物流,600125,8.45,8.15,8.20,463941,254628,209288,8.44,1850,8.43,660,8.42,1015,8.41,663,8.40,1003,8.45,2363,8.46,3438,8.47,2093,8.48,3130,8.49,2269,15:00:03/8.45/3619/S/3058055/62003|14:56:59/8.45/36/B/30415/61194|14:56:56/8.45/10/B/8450/61182|14:56:53/8.45/20/B/16900/61167|14:56:50/8.44/12/S/10128/61152|14:56:47/8.44/52/S/43938/61138,20190318153000,0.30,3.68,8.50,8.02,8.45/463941/385680455,463941,38568,3.55,23.92,8.50,8.02,5.89,110.32,110.32,1.98,8.97,7.34,1.68,-8102,8.32,20.27,33.35
杭钢股份,600126,5.39,5.21,5.16,272357,144542,127804,5.39,1618,5.38,1510,5.37,868,5.36,1309,5.35,2650,5.40,2932,5.41,1892,5.42,2911,5.43,1863,5.44,902,15:00:03/5.39/3945/S/2126301/62009|14:57:01/5.40/96/B/51840/61203|14:56:54/5.39/17/S/9163/61171|14:56:51/5.39/3/S/1617/61158|14:56:44/5.40/103/B/55941/61129|14:56:42/5.39/10/S/5390/61118,20190318153000,0.18,3.45,5.42,5.08,5.40/268412/141361869,272357,14349,2.26,8.23,5.42,5.08,6.53,64.95,182.03,1.00,5.73,4.69,1.62,-2545,5.27,8.50,10.14
金健米业,600127,3.65,3.53,3.55,141011,74818,66182,3.64,671,3.63,993,3.62,328,3.61,590,3.60,650,3.65,1767,3.66,465,3.67,441,3.68,870,3.69,1175,15:00:05/3.65/1837/S/670505/62012|14:56:48/3.65/130/B/47450/61147|14:56:45/3.65/63/B/22984/61133|14:56:42/3.64/6/S/2184/61122|14:56:40/3.64/57/S/20952/61109|14:56:37/3.64/430/S/156934/61095,20190318153000,0.12,3.40,3.78,3.48,3.65/139174/50795897,141011,5147,2.20,-150.05,3.78,3.48,8.50,23.43,23.43,3.18,3.88,3.18,1.46,-1486,3.65,-100.22,213.62
弘业股份,600128,9.84,9.67,10.03,179986,89894,90065,9.84,1051,9.83,1455,9.82,425,9.81,208,9.80,494,9.85,458,9.86,833,9.87,1544,9.88,948,9.89,642,15:00:05/9.84/2452/S/2412020/62012|14:57:02/9.83/40/S/39342/61207|14:56:57/9.84/97/B/95448/61188|14:56:54/9.84/31/B/30504/61176|14:56:52/9.84/155/B/152373/61163|14:56:48/9.83/62/S/60961/61147,20190318153000,0.17,1.76,10.14,9.66,9.84/179986/177385360,179986,17739,7.29,-71.16,10.14,9.66,4.96,24.28,24.28,1.84,10.64,8.70,0.53,-792,9.85,-45.04,197.99
太极集团,600129,11.30,11.04,11.07,60315,34623,25667,11.29,310,11.28,492,11.27,247,11.26,246,11.25,196,11.30,559,11.31,70,11.32,78,11.33,264,11.34,73,15:00:03/11.30/1052/S/1188760/62003|14:57:00/11.29/40/S/45160/61200|14:56:57/11.29/86/B/97094/61186|14:56:54/11.29/12/B/13546/61171|14:56:48/11.29/1/B/1129/61144|14:56:44/11.29/28/B/31592/61129,20190318153000,0.26,2.36,11.35,10.95,11.29/59263/66261223,60315,6745,1.11,37.82,11.35,10.95,3.62,61.46,62.93,1.95,12.14,9.94,1.12,447,11.18,32.22,64.13
波导股份,600130,4.62,4.55,4.55,274534,136888,137643,4.62,3069,4.61,2539,4.60,1492,4.59,6777,4.58,913,4.63,2507,4.64,1447,4.65,2025,4.66,1041,4.67,1045,15:00:05/4.62/4064/S/1877568/62012|14:57:04/4.62/602/S/278174/61215|14:56:59/4.63/513/B/237519/61194|14:56:56/4.63/182/B/84126/61182|14:56:53/4.62/27/S/12474/61167|14:56:41/4.63/272/B/125936/61113,20190318153000,0.07,1.54,4.63,4.48,4.62/274534/125092556,274534,12509,3.57,-78.67,4.63,4.48,3.30,35.48,35.48,4.04,5.01,4.10,0.43,6725,4.56,76.01,-23.24
岷江水电,600131,20.43,20.12,19.90,393448,197700,195632,20.42,1969,20.41,1003,20.40,746,20.39,53,20.38,322,20.43,84,20.44,308,20.45,685,20.46,78,20.47,29,15:00:05/20.43/10219/S/20877417/62012|14:57:04/20.42/7/S/14294/61215|14:56:59/20.42/116/S/236900/61194|14:56:56/20.42/100/S/204210/61182|14:56:53/20.43/99/B/202211/61167|14:56:50/20.43/52/B/106166/61152,20190318153000,0.31,1.54,21.06,19.48,20.43/393448/797214228,393448,79721,9.65,78.90,21.06,19.48,7.85,83.28,102.99,8.34,22.13,18.11,0.65,2909,20.27,70.33,128.70
重庆啤酒,600132,34.60,33.48,33.64,55753,31607,24077,34.60,201,34.57,6,34.56,71,34.55,24,34.54,10,34.61,23,34.62,42,34.64,73,34.65,75,34.66,47,15:00:03/34.60/321/S/1110660/62003|14:57:00/34.56/5/S/17280/61200|14:56:54/34.56/5/B/17280/61171|14:56:51/34.56/5/B/17280/61158|14:56:48/34.60/2/B/6920/61144|14:56:44/34.60/15/S/51900/61129,20190318153000,1.12,3.35,35.49,33.64,34.56/55432/191685490,55753,19280,1.15,42.07,35.49,33.64,5.53,167.45,167.45,14.42,36.83,30.13,2.04,52,34.59,32.65,50.83
东湖高新,600133,7.52,7.55,7.60,275783,124555,151207,7.52,3758,7.51,780,7.50,2096,7.49,2285,7.48,917,7.53,427,7.54,592,7.55,1621,7.56,294,7.57,216,15:00:03/7.52/3132/S/2355264/62003|14:57:00/7.52/7/B/5264/61200|14:56:57/7.53/20/B/15060/61186|14:56:54/7.51/832/S/625114/61171|14:56:51/7.52/18/S/13536/61158|14:56:48/7.52/60/S/45120/61144,20190318153000,-0.03,-0.40,7.60,7.15,7.52/272651/201758363,275783,20411,4.62,14.49,7.60,7.15,5.96,44.88,54.58,1.49,8.31,6.80,0.57,6686,7.40,21.90,5.91
乐凯胶片,600135,8.30,8.08,7.94,106311,53907,52394,8.30,790,8.29,634,8.28,248,8.27,330,8.26,3,8.31,4,8.32,270,8.33,1184,8.34,1048,8.35,1732,15:00:05/8.30/5984/S/4966803/62012|14:57:04/8.33/7/B/5831/61215|14:56:59/8.33/17/B/14161/61194|14:56:56/8.33/18/B/14994/61182|14:56:53/8.33/77/B/64132/61167|14:56:50/8.33/120/B/99960/61152,20190318153000,0.22,2.72,8.34,7.94,8.30/106311/87570558,106311,8757,2.85,193.35,8.34,7.94,4.95,30.96,30.96,1.83,8.89,7.27,0.72,-2233,8.24,88.28,52.26
当代明诚,600136,13.24,12.77,12.94,118838,65899,52901,13.24,308,13.23,103,13.22,82,13.21,133,13.20,282,13.25,146,13.26,268,13.27,173,13.28,137,13.29,100,15:00:12/13.24/2389/S/3163036/62028|14:56:54/13.24/10/M/13240/61176|14:56:52/13.26/222/B/294175/61163|14:56:48/13.24/16/B/21184/61147|14:56:42/13.24/2/B/2648/61122|14:56:40/13.24/147/S/194675/61109,20190318153000,0.47,3.68,13.59,12.70,13.24/116449/153180114,118838,15634,2.65,30.98,13.59,12.70,6.97,59.39,64.50,2.38,14.05,11.49,0.80,84,13.16,37.18,50.34
浪莎股份,600137,15.93,15.38,15.47,20676,10373,10292,15.93,75,15.92,12,15.91,51,15.90,35,15.89,67,15.94,71,15.95,33,15.96,65,15.97,65,15.98,34,15:00:03/15.93/186/S/296298/62009|14:56:57/15.93/20/B/31860/61186|14:56:54/15.93/16/B/25483/61171|14:56:48/15.91/25/S/39817/61144|14:56:44/15.92/10/S/15920/61129|14:56:42/15.93/1/B/1593/61118,20190318153000,0.55,3.58,16.26,15.37,15.93/20490/32398127,20676,3269,2.13,64.27,16.26,15.37,5.79,15.49,15.49,3.14,16.92,13.84,1.00,-28,15.81,53.44,67.47
中青旅,600138,16.47,15.95,16.00,111674,60511,51124,16.47,1001,16.46,509,16.45,126,16.44,26,16.43,53,16.48,732,16.49,271,16.50,1123,16.51,944,16.52,373,15:00:01/16.47/1845/S/3038715/61997|14:57:02/16.46/178/S/293116/61207|14:56:57/16.47/113/S/186220/61188|14:56:54/16.49/50/B/82450/61176|14:56:48/16.47/33/S/54366/61147|14:56:42/16.48/15/B/24720/61122,20190318153000,0.52,3.26,16.53,15.92,16.47/111674/182301094,111674,18230,1.54,19.32,16.53,15.92,3.82,119.22,119.22,1.96,17.55,14.36,1.04,-1728,16.32,16.36,20.85
西部资源,600139,4.70,4.55,4.60,221286,112649,108631,4.70,227,4.69,871,4.68,2064,4.67,1699,4.66,529,4.71,999,4.72,1172,4.73,811,4.74,1562,4.75,1712,15:00:03/4.70/2821/S/1325719/62009|14:57:01/4.70/32/B/15040/61203|14:56:54/4.70/7/S/3290/61171|14:56:51/4.70/49/S/23030/61158|14:56:44/4.69/213/S/99912/61129|14:56:42/4.70/85/B/39950/61118,20190318153000,0.15,3.30,4.87,4.55,4.70/221286/104029111,221286,10403,3.34,-6.87,4.87,4.55,7.03,31.11,31.11,8.23,5.01,4.10,0.52,-866,4.70,-64.43,-5.19
兴发集团,600141,12.00,11.79,11.76,220325,109267,111035,11.99,965,11.98,292,11.97,151,11.96,111,11.95,199,12.00,1640,12.01,1052,12.02,1481,12.03,291,12.04,661,15:00:12/12.00/2741/S/3289200/62028|14:57:01/12.00/33/B/39597/61203|14:56:57/11.99/10/S/11990/61189|14:56:52/12.00/300/B/360000/61163|14:56:48/11.99/2/S/2399/61147|14:56:45/12.00/2/B/2400/61133,20190318153000,0.21,1.78,12.04,11.65,12.00/220325/261544225,220325,26154,3.09,18.51,12.04,11.65,3.31,85.64,87.26,1.30,12.97,10.61,0.96,-3407,11.87,16.72,27.18
金发科技,600143,5.50,5.40,5.42,149191,72538,76639,5.50,588,5.49,814,5.48,153,5.47,233,5.46,559,5.51,602,5.52,2351,5.53,2685,5.54,1628,5.55,1831,15:00:03/5.50/1102/S/606100/62009|14:56:57/5.51/2/B/1102/61186|14:56:54/5.51/5/M/2755/61171|14:56:51/5.52/5/B/2760/61158|14:56:44/5.50/50/S/27581/61129|14:56:42/5.50/1/S/550/61118,20190318153000,0.10,1.85,5.53,5.38,5.51/148089/80814764,149191,8142,0.58,20.07,5.53,5.38,2.78,140.80,149.42,1.45,5.94,4.86,0.75,-6750,5.46,17.13,27.27
*ST新亿,600145,1.87,1.87,0.00,0,0,0,0.00,0,0.00,0,0.00,0,0.00,0,0.00,0,0.00,0,0.00,0,0.00,0,0.00,0,0.00,0,20190318153000,0.00,0.00,0.00,0.00,1.87/0/0,0,0,0.00,57.56,S,0.00,0.00,0.00,27.88,27.88,4.18,1.96,1.78,0.00,0,1.87,49.79,272.43
商赢环球,600146,8.71,8.45,8.56,223039,116631,106381,8.71,97,8.70,1164,8.69,994,8.68,566,8.67,533,8.72,128,8.73,301,8.74,58,8.75,1085,8.76,186,15:00:03/8.71/1891/S/1646913/62009|14:57:01/8.70/16/B/13914/61203|14:56:57/8.70/90/B/78263/61186|14:56:54/8.70/200/B/173976/61171|14:56:48/8.70/107/B/93083/61144|14:56:42/8.70/31/B/26959/61118,20190318153000,0.26,3.08,8.98,8.56,8.70/221148/193873736,223039,19552,11.15,43.42,8.98,8.56,4.97,17.42,40.93,1.33,9.30,7.61,0.91,1596,8.77,-68.25,19.42
长春一东,600148,18.59,18.60,18.63,29616,13620,15978,18.59,323,18.58,127,18.57,22,18.56,21,18.55,39,18.60,215,18.61,144,18.62,42,18.63,20,18.64,28,15:00:05/18.59/472/S/877448/62012|14:57:02/18.59/6/S/11157/61207|14:56:57/18.60/7/B/13020/61188|14:56:54/18.59/20/S/37180/61176|14:56:52/18.59/50/S/92950/61163|14:56:48/18.60/17/B/31617/61147,20190318153000,-0.01,-0.05,18.84,18.00,18.59/29616/54350741,29616,5435,2.09,111.17,18.84,18.00,4.52,26.31,26.31,6.46,20.46,16.74,0.61,83,18.35,81.68,146.28
ST坊展,600149,6.00,5.87,5.88,48941,25934,23002,6.00,298,5.99,764,5.98,721,5.97,100,5.96,375,6.02,8,6.03,15,6.04,274,6.05,407,6.06,263,15:00:05/6.00/2198/S/1318800/62012|14:56:57/6.04/8/B/4832/61188|14:56:54/6.04/10/B/6040/61176|14:56:33/6.00/26/B/15600/61082|14:56:30/6.00/84/B/50400/61068|14:56:24/6.00/972/B/583200/61042,20190318153000,0.13,2.21,6.09,5.86,6.04/46743/28073405,48941,2939,1.29,156.94,6.09,5.86,3.92,22.81,22.81,11.82,6.16,5.58,0.92,1291,6.01,-151.52,111.84
*ST船舶,600150,18.90,18.00,18.38,215725,98492,117214,18.90,9213,18.89,134,18.88,223,18.87,18,18.86,368,0.00,0,0.00,0,0.00,0,0.00,0,0.00,0,15:00:05/18.90/194/S/366660/62012|14:56:50/18.90/12/S/22680/61152|14:56:44/18.90/3/S/5670/61124|14:56:38/18.90/5/S/9450/61101|14:56:35/18.90/1/S/1890/61085|14:56:29/18.90/2/S/3780/61059,20190318153000,0.90,5.00,18.90,18.38,18.90/215725/406330941,215725,40633,1.57,-15.32,18.90,18.38,2.89,260.46,260.46,1.75,18.90,17.10,1.15,9956,18.84,63.08,-11.32
航天机电,600151,5.62,5.58,5.62,247390,111246,136137,5.61,2557,5.60,2333,5.59,907,5.58,1551,5.57,1200,5.62,5052,5.63,1892,5.64,1681,5.65,4154,5.66,1208,15:00:05/5.62/3622/S/2035564/62012|14:56:59/5.61/90/S/50520/61194|14:56:56/5.62/85/B/47770/61182|14:56:50/5.62/25/B/14050/61152|14:56:47/5.62/10/B/5620/61138|14:56:44/5.61/86/S/48246/61124,20190318153000,0.04,0.72,5.67,5.47,5.62/247390/137696228,247390,13770,1.78,-26.24,5.67,5.47,3.58,78.04,80.60,1.46,6.14,5.02,0.49,-5439,5.56,-24.97,-26.08
维科技术,600152,7.50,7.27,7.25,103696,55158,48533,7.49,302,7.48,257,7.47,123,7.46,20,7.45,224,7.50,262,7.51,366,7.52,489,7.53,536,7.54,570,15:00:12/7.50/1406/S/1054500/62028|14:56:57/7.51/10/B/7510/61189|14:56:52/7.51/21/B/15770/61163|14:56:48/7.50/5/S/3750/61147|14:56:45/7.50/50/S/37500/61133|14:56:42/7.51/537/B/403236/61122,20190318153000,0.23,3.16,7.57,7.20,7.50/103696/76939019,103696,7694,3.52,44.40,7.57,7.20,5.09,22.12,33.07,2.23,8.00,6.54,0.69,-1297,7.42,25.69,198.88
建发股份,600153,8.93,8.57,8.62,295240,193810,101405,8.93,369,8.92,378,8.91,745,8.90,1420,8.89,432,8.94,135,8.95,643,8.96,3607,8.97,2935,8.98,2506,15:00:01/8.93/2150/S/1920156/61997|14:57:01/8.93/100/S/89329/61203|14:56:57/8.95/118/B/105607/61189|14:56:54/8.94/13/M/11627/61176|14:56:52/8.95/6/B/5368/61163|14:56:45/8.92/7/S/6245/61133,20190318153000,0.36,4.20,8.95,8.61,8.93/295240/259914749,295240,25991,1.04,7.41,8.95,8.61,3.97,253.18,253.18,1.02,9.43,7.71,1.53,-6482,8.81,11.05,7.60
华创阳安,600155,10.76,10.50,10.47,292667,139458,153161,10.76,454,10.75,453,10.74,100,10.73,66,10.72,1122,10.77,482,10.78,709,10.79,554,10.80,565,10.81,25,15:00:03/10.76/7649/S/8230378/62009|14:57:01/10.70/88/B/94082/61203|14:56:57/10.70/117/B/125185/61186|14:56:54/10.70/57/B/60990/61171|14:56:51/10.70/103/B/110210/61158|14:56:48/10.70/2/B/2140/61144,20190318153000,0.26,2.48,10.76,10.15,10.70/285018/297850291,292667,30608,2.59,122.95,10.76,10.15,5.81,121.40,187.18,1.25,11.55,9.45,0.67,-140,10.45,56.60,142.96
华升股份,600156,7.41,6.74,7.32,288022,122509,165497,7.41,38776,7.40,974,7.39,203,7.38,67,7.37,66,0.00,0,0.00,0,0.00,0,0.00,0,0.00,0,15:00:05/7.41/126/S/93366/62012|14:56:48/7.41/34/S/25194/61147|14:54:57/7.41/2/S/1482/60635|14:54:30/7.41/1/S/741/60500|14:54:00/7.41/145/S/107445/60371|14:53:33/7.41/3/S/2223/60250,20190318153000,0.67,9.94,7.41,6.90,7.41/288022/209834235,288022,20983,7.16,-49.88,7.41,6.90,7.57,29.80,29.80,4.96,7.41,6.07,1.43,40086,7.28,-104.50,-34.42
永泰能源,600157,2.26,2.20,2.20,3638309,2079021,1559287,2.26,20659,2.25,41910,2.24,25252,2.23,35994,2.22,25177,2.27,47251,2.28,40118,2.29,27063,2.30,59917,2.31,11209,15:00:01/2.26/35255/S/7967630/61997|14:57:01/2.26/1301/B/294005/61203|14:56:57/2.26/1579/B/356718/61189|14:56:54/2.26/2020/B/456035/61176|14:56:52/2.26/1191/B/268886/61163|14:56:48/2.26/2772/B/626288/61147,20190318153000,0.06,2.73,2.27,2.10,2.26/3638309/800410383,3638309,80041,2.93,126.60,2.27,2.10,7.73,280.82,280.82,1.15,2.42,1.98,0.65,-36566,2.20,677.60,46.62
中体产业,600158,11.13,10.66,11.08,246872,137840,108991,11.13,660,11.12,676,11.11,114,11.10,310,11.09,34,11.14,549,11.15,566,11.16,607,11.17,611,11.18,1207,15:00:05/11.13/3564/S/3966398/62012|14:57:02/11.14/8/B/8912/61207|14:56:57/11.14/62/S/69068/61188|14:56:51/11.14/50/S/55700/61158|14:56:48/11.15/80/S/89200/61147|14:56:45/11.15/2/S/2230/61133,20190318153000,0.47,4.41,11.27,10.86,11.14/243308/269913727,246872,27388,3.75,111.92,11.27,10.86,3.85,73.18,93.91,5.54,11.73,9.59,0.80,-1746,11.09,111.92,111.92
大龙地产,600159,3.17,3.09,3.11,96639,50430,46204,3.16,443,3.15,870,3.14,1066,3.13,588,3.12,963,3.17,113,3.18,2234,3.19,2099,3.20,1451,3.21,652,15:00:05/3.17/2232/S/707544/62012|14:56:38/3.18/2/B/636/61101|14:56:35/3.18/3/B/952/61085|14:56:32/3.18/770/B/244860/61071|14:56:29/3.17/10/S/3170/61059|14:56:18/3.18/3/B/954/61023,20190318153000,0.08,2.59,3.18,3.05,3.17/96639/30169024,96639,3017,1.16,94.31,3.18,3.05,4.21,26.31,26.31,1.21,3.40,2.78,0.90,-2619,3.12,-64.94,124.75
巨化股份,600160,8.65,8.36,8.45,493792,257947,235805,8.65,3476,8.64,2230,8.63,285,8.62,684,8.61,1008,8.66,3841,8.67,3215,8.68,3952,8.69,1276,8.70,4314,15:00:05/8.65/10309/S/8917198/62012|14:57:02/8.65/123/S/106395/61207|14:56:57/8.65/255/S/220580/61188|14:56:54/8.65/167/S/144455/61176|14:56:52/8.65/967/B/836627/61163|14:56:48/8.65/1145/B/989801/61147,20190318153000,0.29,3.47,8.67,8.37,8.65/483483/413787971,493792,42271,1.86,13.33,8.67,8.37,3.59,229.95,237.46,1.93,9.20,7.52,0.77,-8915,8.56,10.77,25.38
天坛生物,600161,24.00,22.97,22.98,120676,67080,53504,24.00,386,23.99,48,23.98,5,23.97,7,23.96,17,24.01,154,24.02,189,24.03,2538,24.04,278,24.05,303,15:00:03/24.00/1196/S/2869512/62009|14:57:01/23.99/35/S/83986/61203|14:56:54/24.00/30/B/71995/61171|14:56:51/24.00/107/B/256798/61158|14:56:48/23.99/6/S/14394/61144|14:56:44/24.00/100/B/240000/61129,20190318153000,1.03,4.48,24.03,22.86,23.99/119480/282505534,120676,28538,1.39,36.35,24.03,22.86,5.09,209.07,209.07,6.32,25.27,20.67,1.68,-2999,23.65,39.54,17.72
香江控股,600162,2.88,2.83,2.86,320561,164669,155891,2.87,5764,2.86,7337,2.85,2496,2.84,1764,2.83,4091,2.88,514,2.89,12580,2.90,12619,2.91,4622,2.92,3437,15:00:03/2.88/6758/S/1946304/62003|14:57:00/2.87/114/S/32718/61200|14:56:54/2.88/66/B/19008/61171|14:56:51/2.87/30/S/8610/61158|14:56:48/2.88/28/B/8064/61144|14:56:44/2.88/18/B/5184/61129,20190318153000,0.05,1.77,2.89,2.81,2.87/313803/89450537,320561,9140,1.08,14.25,2.89,2.81,2.83,85.67,97.90,2.04,3.11,2.55,0.78,-12320,2.85,26.00,11.99
中闽能源,600163,4.02,3.94,3.91,69789,28731,41053,4.01,358,4.00,361,3.99,2283,3.98,145,3.97,398,4.02,1064,4.03,1261,4.04,703,4.05,1126,4.06,705,15:00:03/4.02/667/S/268134/62003|14:57:00/4.02/17/B/6834/61200|14:56:57/4.02/25/B/10050/61186|14:56:54/4.02/46/B/18474/61171|14:56:51/4.01/52/S/20854/61158|14:56:48/4.02/2/B/804/61144,20190318153000,0.08,2.03,4.02,3.89,4.02/69789/27887652,69789,2789,0.70,24.28,4.02,3.89,3.30,40.18,40.18,2.20,4.33,3.55,0.65,-1314,4.00,31.20,26.18
新日恒力,600165,5.41,5.24,5.29,300721,166384,134331,5.40,5214,5.39,1995,5.38,1663,5.37,1211,5.36,506,5.41,1286,5.42,1090,5.43,897,5.44,1173,5.45,2322,15:00:05/5.41/4965/S/2686065/62012|14:57:04/5.40/120/B/64780/61215|14:56:59/5.40/74/B/39960/61194|14:56:56/5.40/180/B/97200/61182|14:56:53/5.39/9/S/4855/61167|14:56:50/5.40/10/B/5400/61152,20190318153000,0.17,3.24,5.41,5.19,5.41/300721/159474133,300721,15947,4.39,94.17,5.41,5.19,4.20,37.05,37.05,4.29,5.76,4.72,0.83,3821,5.30,8439.81,96.92
福田汽车,600166,2.42,2.20,2.26,2348308,1032863,1315443,2.42,121965,2.41,35520,2.40,15442,2.39,14097,2.38,17943,0.00,0,0.00,0,0.00,0,0.00,0,0.00,0,15:00:03/2.42/1707/S/413094/62009|14:56:51/2.42/100/S/24200/61158|14:56:48/2.42/20/S/4840/61144|14:56:36/2.42/11/S/2662/61089|14:56:33/2.42/18/S/4356/61075|14:55:57/2.42/20/S/4840/60915,20190318153000,0.22,10.00,2.42,2.23,2.42/2348308/555868272,2348308,55587,3.52,-9.38,2.42,2.23,8.64,161.42,161.42,0.95,2.42,1.98,2.13,204967,2.37,-7.15,144.22
联美控股,600167,13.33,13.26,13.18,52014,27123,24822,13.33,174,13.32,96,13.31,53,13.30,54,13.29,31,13.35,49,13.37,42,13.38,31,13.39,1,13.40,201,15:00:12/13.33/529/S/705157/62028|14:56:48/13.33/9/B/11991/61147|14:56:45/13.33/29/B/38657/61133|14:56:40/13.32/31/S/41292/61109|14:56:37/13.33/7/B/9329/61095|14:56:33/13.33/24/B/31969/61082,20190318153000,0.07,0.53,13.55,12.76,13.33/51485/67661481,52014,6837,0.63,17.82,13.55,12.76,5.96,109.55,234.62,3.84,14.59,11.93,0.75,84,13.14,17.82,17.82
武汉控股,600168,7.12,6.89,6.92,60901,32482,28414,7.11,806,7.10,2024,7.09,53,7.08,64,7.07,43,7.12,466,7.13,984,7.14,519,7.15,768,7.16,361,15:00:05/7.12/1275/S/907800/62012|14:57:02/7.13/15/B/10695/61207|14:56:57/7.13/110/B/78330/61188|14:56:54/7.13/10/B/7130/61176|14:56:51/7.13/10/B/7130/61158|14:56:48/7.13/24/B/17104/61147,20190318153000,0.23,3.34,7.15,6.87,7.13/59626/42063641,60901,4297,0.86,17.26,7.15,6.87,4.06,50.52,50.52,1.02,7.58,6.20,0.67,-108,7.06,16.65,15.41
太原重工,600169,3.05,2.95,2.97,313386,149693,163691,3.05,3116,3.04,7446,3.03,7153,3.02,3100,3.01,3229,3.06,12680,3.07,7089,3.08,7435,3.09,3803,3.10,6482,15:00:03/3.05/2672/S/814960/62003|14:57:00/3.05/367/B/111874/61200|14:56:51/3.05/45/B/13725/61158|14:56:48/3.05/2/B/610/61144|14:56:44/3.05/1668/S/508801/61129|14:56:42/3.05/40/S/12200/61118,20190318153000,0.10,3.39,3.07,2.95,3.05/310714/94189385,313386,9500,1.22,188.91,3.07,2.95,4.07,78.20,78.20,1.89,3.25,2.66,0.91,-13445,3.03,898.81,149.80
上海建工,600170,3.87,3.79,3.77,803938,405337,398598,3.86,6402,3.85,5134,3.84,5046,3.83,4912,3.82,3012,3.87,2937,3.88,15903,3.89,12627,3.90,18975,3.91,2389,15:00:05/3.87/7129/S/2758923/62012|14:57:04/3.86/25/S/9650/61215|14:56:59/3.87/11/B/4257/61194|14:56:56/3.87/13/B/5031/61182|14:56:53/3.86/88/S/34089/61167|14:56:50/3.86/11/S/4246/61152,20190318153000,0.08,2.11,3.87,3.75,3.87/803938/307597820,803938,30760,0.95,12.62,3.87,3.75,3.17,328.44,344.60,1.46,4.17,3.41,0.93,-28325,3.83,12.62,12.62
上海贝岭,600171,13.53,13.43,13.63,319288,154097,165124,13.53,15,13.52,1356,13.51,652,13.50,1827,13.49,338,13.54,328,13.55,561,13.56,476,13.57,393,13.58,230,15:00:01/13.53/5600/S/7576800/61997|14:57:02/13.52/11/S/14872/61207|14:56:57/13.53/34/B/45991/61188|14:56:54/13.52/57/S/77065/61176|14:56:52/13.53/67/B/90641/61163|14:56:48/13.53/88/B/119052/61147,20190318153000,0.10,0.74,13.70,12.88,13.53/319288/424984995,319288,42498,4.74,86.39,13.70,12.88,6.11,91.17,94.66,3.97,14.77,12.09,0.47,2200,13.30,80.29,54.51
黄河旋风,600172,4.56,4.47,4.47,351837,181624,170210,4.56,1676,4.55,2632,4.54,2080,4.53,1931,4.52,963,4.57,3619,4.58,4409,4.59,4500,4.60,5791,4.61,870,15:00:05/4.56/4145/S/1890120/62012|14:57:04/4.56/50/S/22800/61215|14:56:59/4.56/31/S/14157/61194|14:56:56/4.56/128/S/58376/61182|14:56:53/4.57/60/B/27420/61167|14:56:50/4.56/159/S/72621/61152,20190318153000,0.09,2.01,4.57,4.40,4.56/351837/158095526,351837,15810,3.07,156.64,4.57,4.40,3.80,52.19,66.18,1.38,4.92,4.02,0.47,-9907,4.49,48.88,128.70
卧龙地产,600173,4.98,4.88,4.90,70803,40899,29900,4.97,1430,4.96,732,4.95,319,4.94,122,4.93,223,4.98,248,4.99,1681,5.00,4364,5.01,585,5.02,366,15:00:05/4.98/1069/S/532362/62012|14:56:59/4.98/9/B/4482/61194|14:56:56/4.98/5/B/2490/61182|14:56:53/4.98/2/B/996/61167|14:56:50/4.98/10/B/4980/61152|14:56:47/4.98/10/B/4980/61138,20190318153000,0.10,2.05,4.98,4.87,4.98/70803/34942874,70803,3494,1.01,8.60,4.98,4.87,2.25,34.81,34.94,1.72,5.37,4.39,0.65,-4418,4.94,8.35,11.10
美都能源,600175,2.88,2.75,2.74,1324935,793922,531010,2.87,7192,2.86,11263,2.85,5766,2.84,7034,2.83,8206,2.88,10977,2.89,18854,2.90,28042,2.91,13619,2.92,12699,15:00:05/2.88/15614/S/4496832/62012|14:56:59/2.88/94/B/27072/61194|14:56:56/2.88/4791/S/1379730/61182|14:56:53/2.88/130/S/37468/61167|14:56:50/2.89/129/B/37250/61152|14:56:47/2.88/210/S/60500/61138,20190318153000,0.13,4.73,2.90,2.74,2.88/1324935/374902742,1324935,37490,5.41,58.50,2.90,2.74,5.82,70.59,103.00,0.94,3.03,2.48,1.07,-44730,2.83,53.11,177.93
中国巨石,600176,11.05,10.69,10.72,944872,545400,399447,11.04,2496,11.03,736,11.02,191,11.01,3820,11.00,452,11.05,6859,11.06,2566,11.07,2511,11.08,2211,11.09,2382,15:00:05/11.05/8788/S/9710740/62012|14:57:04/11.04/94/S/103776/61215|14:56:59/11.04/114/S/125890/61194|14:56:56/11.04/347/B/383736/61182|14:56:53/11.04/65/B/71751/61167|14:56:50/11.04/3755/B/4136132/61152,20190318153000,0.36,3.37,11.12,10.62,11.05/944872/1024417350,944872,102442,2.70,15.41,11.12,10.62,4.68,387.00,387.00,2.84,11.76,9.62,1.41,-8834,10.84,15.18,18.00
雅戈尔,600177,8.54,8.38,8.40,168435,87892,80533,8.54,181,8.53,852,8.52,722,8.51,572,8.50,1024,8.55,3556,8.56,2197,8.57,930,8.58,2863,8.59,2344,15:00:03/8.54/2554/S/2180886/62003|14:57:00/8.53/35/S/29855/61200|14:56:57/8.53/13/S/11097/61186|14:56:54/8.54/22/B/18783/61171|14:56:51/8.54/122/B/104188/61158|14:56:48/8.53/193/S/164812/61144,20190318153000,0.16,1.91,8.55,8.31,8.53/165881/140295603,168435,14248,0.47,-763.59,8.55,8.31,2.86,305.86,305.86,1.18,9.22,7.54,0.99,-8539,8.46,9.80,103.07
东安动力,600178,5.69,5.57,5.60,70758,35731,35023,5.68,1156,5.67,856,5.66,844,5.65,198,5.64,387,5.69,1983,5.70,2146,5.71,994,5.72,625,5.73,3092,15:00:05/5.69/1128/S/641832/62012|14:57:04/5.69/10/B/5690/61215|14:56:59/5.69/58/B/33002/61194|14:56:50/5.69/66/B/37490/61152|14:56:47/5.68/2/S/1136/61138|14:56:41/5.68/50/S/28400/61113,20190318153000,0.12,2.15,5.74,5.58,5.69/70758/40008012,70758,4001,1.53,41.60,5.74,5.58,2.87,26.29,26.29,1.36,6.13,5.01,0.81,-5399,5.66,29.84,61.53
安通控股,600179,7.91,7.86,8.00,106250,50631,55600,7.91,812,7.90,392,7.89,519,7.88,640,7.87,340,7.92,1044,7.93,575,7.94,1207,7.95,1138,7.96,138,15:00:05/7.91/2212/S/1749692/62012|14:56:59/7.91/46/S/36377/61194|14:56:50/7.91/168/B/132888/61152|14:56:38/7.91/201/S/158991/61101|14:56:35/7.92/36/B/28512/61085|14:56:32/7.91/30/S/23730/61071,20190318153000,0.05,0.64,8.00,7.72,7.91/106250/83327069,106250,8333,1.58,16.84,8.00,7.72,3.56,53.28,117.62,3.46,8.65,7.07,0.52,-1399,7.84,17.25,21.29
瑞茂通,600180,10.33,10.00,10.10,50029,26690,23323,10.33,507,10.32,74,10.31,79,10.30,56,10.29,49,10.34,214,10.35,215,10.36,3,10.37,14,10.38,64,15:00:03/10.33/362/S/373946/62009|14:56:57/10.34/130/B/134320/61186|14:56:54/10.34/31/B/32036/61171|14:56:51/10.33/2/S/2066/61158|14:56:48/10.34/88/B/90992/61144|14:56:39/10.33/6/S/6198/61105,20190318153000,0.33,3.30,10.42,9.80,10.33/50029/50351174,50029,5035,0.49,14.21,10.42,9.80,6.20,105.00,105.00,1.87,11.00,9.00,0.52,255,10.07,20.85,14.68
S佳通,600182,17.03,16.76,16.78,23879,14068,9807,17.03,41,17.02,65,17.01,20,17.00,9,16.99,184,17.04,20,17.05,57,17.06,6,17.07,1519,17.08,28,15:00:03/17.03/418/S/711854/62009|14:56:44/17.01/22/B/37412/61129|14:56:42/17.00/20/S/34000/61118|14:56:36/17.00/60/S/102000/61089|14:56:30/17.00/35/S/59500/61062|14:56:21/17.01/20/B/34020/61027,20190318153000,0.27,1.61,17.03,16.59,17.01/23461/39533895,23879,4025,1.40,60.96,17.03,16.59,2.63,28.95,57.90,6.44,17.60,15.92,0.68,-1311,16.85,58.33,94.75
生益科技,600183,11.81,11.49,11.52,200171,111589,88564,11.80,2146,11.79,1541,11.78,1903,11.77,539,11.76,194,11.81,2210,11.82,2022,11.83,1389,11.84,1907,11.85,2243,15:00:03/11.81/4293/S/5070033/62003|14:56:59/11.80/295/B/348073/61194|14:56:56/11.79/121/S/142675/61182|14:56:53/11.79/80/S/94378/61167|14:56:50/11.80/181/B/213580/61152|14:56:47/11.80/63/B/74320/61138,20190318153000,0.32,2.79,11.83,11.48,11.81/200171/233669793,200171,23367,0.95,23.20,11.83,11.48,3.05,250.08,250.08,4.23,12.64,10.34,0.69,-3448,11.68,23.15,23.27
光电股份,600184,12.43,12.25,12.15,41817,21545,20251,12.43,172,12.42,70,12.41,65,12.40,283,12.39,30,12.44,222,12.45,377,12.46,35,12.47,5,12.48,216,15:00:12/12.43/961/S/1194523/62028|14:56:57/12.43/160/B/198721/61189|14:56:54/12.42/22/S/27324/61176|14:56:52/12.42/2/S/2484/61163|14:56:40/12.42/4/S/4968/61109|14:56:37/12.42/264/B/327753/61095,20190318153000,0.18,1.47,12.43,12.05,12.43/40856/50301144,41817,5150,0.82,92.17,12.43,12.05,3.10,63.24,63.24,2.74,13.48,11.03,0.58,-235,12.31,106.16,142.41
格力地产,600185,5.12,4.95,4.98,202155,118911,83241,5.11,1613,5.10,900,5.09,397,5.08,1457,5.07,377,5.12,2935,5.13,4210,5.14,2629,5.15,5917,5.16,2803,15:00:03/5.12/2731/S/1398272/62009|14:56:57/5.12/33/B/16896/61186|14:56:54/5.11/3/S/1533/61171|14:56:51/5.12/8/B/4096/61158|14:56:48/5.12/25/B/12800/61144|14:56:39/5.12/26/B/13312/61105,20190318153000,0.17,3.43,5.13,4.96,5.12/202155/102728152,202155,10273,0.98,17.64,5.13,4.96,3.43,105.48,105.48,1.41,5.45,4.46,1.50,-13750,5.08,20.28,16.89
莲花健康,600186,2.26,2.22,2.27,330191,179603,150586,2.25,6821,2.24,8206,2.23,5384,2.22,3942,2.21,1909,2.26,2848,2.27,8968,2.28,9795,2.29,9783,2.30,6193,15:00:03/2.26/4328/S/978105/62009|14:57:01/2.26/354/S/80013/61203|14:56:57/2.26/130/S/29380/61186|14:56:54/2.26/268/S/60568/61171|14:56:51/2.26/256/S/57856/61158|14:56:48/2.26/60/S/13560/61144,20190318153000,0.04,1.80,2.28,2.21,2.26/325863/73001353,330191,7398,3.11,-25.61,2.28,2.21,3.15,24.00,24.00,-36.75,2.44,2.00,0.52,-11325,2.24,-18.10,-23.21
国中水务,600187,3.73,3.84,3.74,878800,427700,451085,3.72,2530,3.71,4823,3.70,6122,3.69,4884,3.68,4441,3.73,2991,3.74,4997,3.75,2444,3.76,1327,3.77,1139,15:00:12/3.73/14087/S/5254451/62028|14:57:01/3.73/7/B/2611/61203|14:56:57/3.72/133/S/49518/61189|14:56:54/3.72/665/S/247404/61176|14:56:52/3.73/50/B/18630/61163|14:56:48/3.73/115/B/42875/61147,20190318153000,-0.11,-2.86,3.79,3.55,3.73/864713/317252401,878800,32251,6.04,904.94,3.79,3.55,6.25,54.29,61.69,1.80,4.22,3.46,0.94,9902,3.67,486.89,345.93
兖州煤业,600188,10.87,10.56,10.61,460760,252914,207828,10.87,1199,10.86,1351,10.85,758,10.84,162,10.83,622,10.88,1879,10.89,2212,10.90,1943,10.91,2257,10.92,1403,15:00:00/10.87/6723/S/7307901/61991|14:56:57/10.89/305/S/332396/61186|14:56:54/10.90/55/B/59901/61171|14:56:51/10.89/31/S/33759/61158|14:56:48/10.90/95/B/103456/61144|14:56:44/10.89/580/B/631620/61129,20190318153000,0.31,2.94,10.96,10.48,10.87/460760/493613406,460760,49361,1.56,7.20,10.96,10.48,4.55,321.74,533.94,1.08,11.62,9.50,1.65,-5602,10.71,7.28,7.89
吉林森工,600189,4.85,4.73,4.76,51542,30304,21234,4.85,480,4.84,493,4.83,212,4.82,229,4.81,424,4.86,1061,4.87,234,4.88,561,4.89,1654,4.90,278,15:00:12/4.85/345/S/167325/62028|14:56:57/4.85/20/B/9700/61189|14:56:54/4.85/14/B/6790/61176|14:56:45/4.85/19/B/9215/61133|14:56:42/4.85/22/B/10670/61122|14:56:40/4.85/2/B/970/61109,20190318153000,0.12,2.54,4.86,4.71,4.85/51542/24746846,51542,2475,1.11,34.24,4.86,4.71,3.17,22.46,34.77,1.18,5.20,4.26,0.86,-1950,4.80,73.62,290.16
锦州港,600190,3.51,3.44,3.44,93401,57235,36166,3.50,1188,3.49,722,3.48,1070,3.47,424,3.46,763,3.51,701,3.52,1105,3.53,3107,3.54,1077,3.55,2404,15:00:05/3.51/1954/S/685854/62012|14:56:56/3.51/297/S/104447/61182|14:56:41/3.52/39/B/13715/61113|14:56:35/3.51/4/S/1404/61085|14:56:32/3.51/17/B/5967/61071|14:56:29/3.51/50/B/17550/61059,20190318153000,0.07,2.03,3.53,3.39,3.51/93401/32412754,93401,3241,0.52,40.75,3.53,3.39,4.07,62.46,70.28,1.15,3.78,3.10,0.53,-4227,3.47,45.90,49.11
华资实业,600191,5.39,5.27,5.33,107696,60514,47170,5.38,594,5.37,641,5.36,324,5.35,356,5.34,200,5.39,140,5.40,2425,5.41,598,5.42,525,5.43,460,15:00:12/5.39/1319/S/710941/62028|14:56:57/5.40/4/B/2160/61189|14:56:45/5.39/187/B/100793/61133|14:56:42/5.39/5/B/2695/61122|14:56:40/5.39/76/B/40964/61109|14:56:37/5.39/53/B/28517/61095,20190318153000,0.12,2.28,5.45,5.23,5.39/107696/57714686,107696,5771,2.22,-31.48,5.45,5.23,4.17,26.14,26.14,1.24,5.80,4.74,0.56,-2033,5.36,-32.23,218.74
长城电工,600192,7.22,7.18,7.55,460845,232959,227862,7.22,1361,7.21,232,7.20,289,7.19,168,7.18,690,7.23,1177,7.24,360,7.25,515,7.26,434,7.27,293,15:00:01/7.22/2543/S/1836046/61997|14:57:01/7.22/39/S/28178/61203|14:56:57/7.23/19/B/13737/61189|14:56:54/7.23/107/B/77361/61176|14:56:52/7.23/110/B/79510/61163|14:56:48/7.22/21/S/15182/61147,20190318153000,0.04,0.56,7.71,7.08,7.22/460845/337861858,460845,33786,10.43,206.55,7.71,7.08,8.77,31.89,31.89,1.63,7.90,6.46,1.38,-39,7.33,185.10,192.33
*ST创兴,600193,4.38,4.23,4.34,113197,55629,57568,4.38,827,4.37,745,4.36,688,4.35,443,4.34,118,4.39,695,4.40,1899,4.41,442,4.42,1215,4.43,1346,15:00:05/4.38/1260/S/551880/62012|14:56:54/4.39/20/B/8780/61176|14:56:45/4.38/107/S/46869/61133|14:56:40/4.39/66/B/28974/61109|14:56:37/4.39/4/B/1756/61095|14:56:33/4.39/269/B/118091/61078,20190318153000,0.15,3.55,4.44,4.25,4.38/113197/49415706,113197,4942,2.66,30.98,4.44,4.25,4.49,18.63,18.63,9.27,4.44,4.02,1.64,-2776,4.37,72.47,-23.82
中牧股份,600195,13.14,12.68,12.67,100465,50938,49506,13.13,917,13.12,1840,13.11,921,13.10,834,13.09,44,13.14,203,13.15,1436,13.16,169,13.17,151,13.18,942,15:00:05/13.14/979/S/1286406/62012|14:56:56/13.13/5/S/6565/61182|14:56:50/13.14/15/B/19705/61152|14:56:47/13.14/152/B/199728/61138|14:56:38/13.14/21/B/27593/61101|14:56:35/13.13/22/S/28907/61085,20190318153000,0.46,3.63,13.15,12.60,13.14/100465/129859807,100465,12986,1.67,16.65,13.15,12.60,4.34,79.07,79.07,2.02,13.95,11.41,0.67,1655,12.93,17.54,19.77
复星医药,600196,30.62,29.42,29.51,531580,292076,239366,30.62,1299,30.61,1201,30.60,1151,30.59,1634,30.58,1797,30.63,253,30.64,16,30.65,645,30.66,172,30.67,258,15:00:03/30.62/7919/S/24245774/62003|14:57:00/30.58/119/M/363977/61200|14:56:57/30.57/117/S/359230/61186|14:56:54/30.58/290/S/887099/61171|14:56:51/30.59/500/B/1527652/61158|14:56:48/30.57/212/B/648255/61144,20190318153000,1.20,4.08,30.76,29.00,30.58/523661/1576970242,531580,160122,2.78,28.04,30.76,29.00,5.98,584.91,784.81,2.75,32.36,26.48,1.14,5738,30.12,28.11,25.12
伊力特,600197,20.10,18.72,18.67,249074,136609,112392,20.09,778,20.08,430,20.07,16,20.06,31,20.05,146,20.10,934,20.11,509,20.12,210,20.13,37,20.14,5,15:00:05/20.10/1369/S/2751690/62012|14:57:02/20.10/12/B/24114/61207|14:56:54/20.10/4/B/8040/61176|14:56:52/20.10/207/B/415981/61163|14:56:48/20.09/27/S/54245/61147|14:56:45/20.09/53/S/106481/61133,20190318153000,1.38,7.37,20.53,18.50,20.10/247705/488148908,249074,49090,5.65,22.94,20.53,18.50,10.84,88.64,88.64,3.76,20.59,16.85,1.55,-294,19.71,22.95,25.09
*ST大唐,600198,10.08,9.60,9.54,194972,92855,102107,10.07,741,10.06,356,10.05,372,10.04,108,10.03,70,10.08,4996,0.00,0,0.00,0,0.00,0,0.00,0,15:00:03/10.08/8384/S/8451072/62003|14:57:00/10.08/32/B/32246/61200|14:56:54/10.08/2800/B/2820723/61171|14:56:51/10.06/205/S/206235/61158|14:56:48/10.07/52/B/52364/61144|14:56:44/10.06/49/S/49305/61129,20190318153000,0.48,5.00,10.08,9.54,10.08/194972/193916437,194972,19392,2.23,-4.70,10.08,9.54,5.62,88.23,88.92,-71.19,10.08,9.12,0.83,-3349,9.95,26.43,-3.36
金种子酒,600199,6.48,5.89,5.91,278672,118717,159943,6.48,89964,6.47,738,6.46,99,6.45,140,6.44,90,0.00,0,0.00,0,0.00,0,0.00,0,0.00,0,15:00:00/6.48/383/S/248184/61991|14:57:01/6.48/10/S/6480/61203|14:56:48/6.48/7/S/4536/61144|14:56:39/6.48/43/S/27864/61105|14:56:33/6.48/5/S/3240/61075|14:56:30/6.48/20/S/12960/61062,20190318153000,0.59,10.02,6.48,5.88,6.48/278672/175233451,278672,17523,5.01,745.03,6.48,5.88,10.19,36.01,36.01,1.61,6.48,5.30,1.63,91031,6.29,1662.48,439.74
江苏吴中,600200,8.23,8.11,8.25,110372,56822,53544,8.22,1185,8.21,550,8.20,327,8.19,78,8.18,178,8.23,555,8.24,1712,8.25,1052,8.26,125,8.27,105,15:00:12/8.23/1495/S/1230385/62028|14:56:57/8.23/37/B/30451/61189|14:56:54/8.23/40/B/32920/61176|14:56:52/8.22/191/B/157002/61163|14:56:48/8.22/27/B/22194/61147|14:56:42/8.22/54/S/44388/61122,20190318153000,0.12,1.48,8.25,8.04,8.23/108877/88905258,110372,9014,1.54,40.52,8.25,8.04,2.59,58.87,59.41,2.06,8.92,7.30,0.52,-1231,8.17,38.70,44.64
生物股份,600201,16.90,16.29,16.35,237675,126881,110752,16.89,263,16.88,300,16.87,133,16.86,29,16.85,231,16.90,518,16.91,804,16.92,3761,16.93,387,16.94,213,15:00:03/16.90/2379/S/4020003/62003|14:56:59/16.90/155/B/262457/61194|14:56:56/16.89/8/S/13519/61182|14:56:53/16.90/5/B/8450/61167|14:56:50/16.89/22/S/37168/61152|14:56:47/16.90/7/B/11825/61138,20190318153000,0.61,3.74,16.93,16.28,16.90/237675/396053139,237675,39605,2.11,22.57,16.93,16.28,3.99,190.33,195.98,3.88,17.92,14.66,0.79,-4727,16.67,21.58,22.52
*ST哈空,600202,4.99,4.75,4.80,66956,26232,40722,4.99,6981,4.98,139,4.97,10,4.96,146,4.95,267,0.00,0,0.00,0,0.00,0,0.00,0,0.00,0,15:00:05/4.99/3/S/1497/62012|14:56:38/4.99/10/S/4990/61101|14:56:14/4.99/20/S/9980/60998|14:55:41/4.99/10/S/4990/60846|14:54:02/4.99/100/S/49900/60376|14:51:05/4.99/10/S/4990/59590,20190318153000,0.24,5.05,4.99,4.80,4.99/66956/33265829,66956,3327,1.75,91.79,4.99,4.80,4.00,19.13,19.13,3.15,4.99,4.51,0.87,7543,4.97,91.79,91.79
福日电子,600203,6.07,5.96,6.04,117130,59011,58111,6.06,1086,6.05,297,6.04,30,6.03,109,6.02,63,6.07,61,6.08,663,6.09,329,6.10,1286,6.11,434,15:00:03/6.07/1676/S/1017332/62003|14:56:56/6.06/40/S/24250/61182|14:56:53/6.06/10/S/6060/61167|14:56:50/6.06/228/S/138231/61152|14:56:47/6.07/20/B/12140/61138|14:56:44/6.07/162/S/98334/61124,20190318153000,0.11,1.85,6.12,5.88,6.07/117130/70130630,117130,7013,3.16,-18.88,6.12,5.88,4.03,22.47,27.71,1.36,6.56,5.36,0.60,-1188,5.99,105.08,-24.62
有研新材,600206,9.03,8.78,8.91,252746,117344,135394,9.02,725,9.01,310,9.00,918,8.99,818,8.98,3448,9.03,1886,9.04,1205,9.05,1260,9.06,2142,9.07,191,15:00:03/9.03/3264/S/2947392/62003|14:56:59/9.03/111/B/100233/61194|14:56:56/9.02/2/S/1804/61182|14:56:53/9.02/26/S/23452/61167|14:56:50/9.02/66/S/59535/61152|14:56:47/9.03/185/B/167055/61138,20190318153000,0.25,2.85,9.11,8.88,9.03/252746/226997827,252746,22700,3.01,96.86,9.11,8.88,2.62,75.74,76.49,2.60,9.66,7.90,0.53,-465,8.98,96.86,96.86
安彩高科,600207,5.49,5.48,5.47,118386,52949,65428,5.48,1176,5.47,1119,5.46,501,5.45,858,5.44,130,5.49,2149,5.50,1878,5.51,271,5.52,353,5.53,648,15:00:05/5.49/2007/S/1101843/62012|14:56:59/5.49/42/B/23058/61194|14:56:56/5.48/251/S/137548/61182|14:56:53/5.48/69/S/37821/61167|14:56:50/5.49/177/B/97023/61152|14:56:47/5.49/1/B/549/61138,20190318153000,0.01,0.18,5.50,5.28,5.49/118386/63872922,118386,6387,1.72,-445.16,5.50,5.28,4.01,37.88,47.38,2.52,6.03,4.93,0.48,-1515,5.40,-135.73,521.96
新湖中宝,600208,3.87,3.75,3.78,786192,351356,434823,3.86,3781,3.85,4728,3.84,5637,3.83,7625,3.82,2256,3.87,730,3.88,7154,3.89,4276,3.90,4840,3.91,2745,15:00:03/3.87/7840/S/3034080/62003|14:57:03/3.86/12/S/4639/61212|14:56:59/3.87/1905/B/737235/61194|14:56:56/3.87/14/B/5416/61182|14:56:53/3.87/12/B/4644/61167|14:56:50/3.87/129/B/49922/61152,20190318153000,0.12,3.20,3.94,3.72,3.87/786192/303111131,786192,30311,0.91,9.90,3.94,3.72,5.87,332.75,332.79,1.01,4.13,3.38,0.90,4282,3.85,14.10,10.02
*ST罗顿,600209,4.40,4.24,4.28,72945,39852,33092,4.39,393,4.38,749,4.37,930,4.36,372,4.35,316,4.40,332,4.41,628,4.42,707,4.43,733,4.44,1926,15:00:05/4.40/2336/S/1027840/62012|14:56:37/4.39/161/B/70679/61095|14:56:28/4.39/47/B/20633/61054|14:56:22/4.39/52/S/22828/61030|14:56:18/4.39/59/S/25901/61019|14:56:16/4.39/174/B/76386/61008,20190318153000,0.16,3.77,4.43,4.28,4.39/70609/30851449,72945,3188,1.66,-39.19,4.43,4.28,3.54,19.32,19.32,3.27,4.45,4.03,0.82,-1566,4.37,-53.84,-42.35
紫江企业,600210,4.76,4.96,4.90,1224980,609012,615944,4.76,1121,4.75,6282,4.74,1068,4.73,2705,4.72,1592,4.77,2936,4.78,1382,4.79,1411,4.80,2077,4.81,787,15:00:05/4.76/14996/S/7138096/62012|14:57:04/4.76/81/S/38567/61215|14:56:59/4.76/316/S/150416/61194|14:56:56/4.76/229/S/109004/61182|14:56:53/4.76/21/S/9996/61167|14:56:50/4.76/1296/B/616896/61152,20190318153000,-0.20,-4.03,4.90,4.46,4.76/1224980/571732915,1224980,57173,8.08,26.10,4.90,4.46,8.87,72.20,72.20,1.63,5.46,4.46,0.89,4175,4.66,13.85,13.01
西藏药业,600211,39.79,36.17,35.60,69955,40153,29745,39.79,9344,39.78,2,39.71,6,39.70,313,39.68,74,0.00,0,0.00,0,0.00,0,0.00,0,0.00,0,15:00:05/39.79/50/S/198950/62012|14:56:30/39.79/29/S/115391/61068|14:56:28/39.79/5/S/19895/61054|14:55:52/39.79/40/S/159160/60896|14:55:16/39.79/1/S/3979/60723|14:54:33/39.79/6/S/23874/60512,20190318153000,3.62,10.01,39.79,35.31,39.79/69955/270916678,69955,27092,4.80,33.15,39.79,35.31,12.39,57.93,71.47,3.17,39.79,32.55,1.41,9739,38.74,33.15,33.15
江泉实业,600212,4.84,4.77,4.72,162444,80370,82066,4.83,912,4.82,764,4.81,1201,4.80,424,4.79,811,4.84,399,4.85,1689,4.86,805,4.87,364,4.88,1253,15:00:03/4.84/1329/S/643236/62009|14:57:01/4.83/17/S/8214/61203|14:56:57/4.84/177/B/85668/61186|14:56:48/4.84/1/B/484/61144|14:56:44/4.84/25/B/12100/61129|14:56:42/4.84/77/B/37268/61118,20190318153000,0.07,1.47,4.84,4.70,4.83/161115/76973877,162444,7762,3.17,-61.98,4.84,4.70,2.94,24.77,24.77,3.40,5.25,4.29,0.66,-398,4.78,-67.90,196.79
亚星客车,600213,7.88,7.67,7.67,66768,33078,33685,7.87,222,7.86,368,7.85,309,7.84,859,7.83,12,7.88,959,7.89,446,7.90,1445,7.91,253,7.92,493,15:00:03/7.88/769/S/605972/62003|14:57:00/7.87/30/B/23610/61200|14:56:51/7.86/5/S/3930/61158|14:56:48/7.87/11/B/8657/61144|14:56:42/7.87/66/S/51956/61118|14:56:39/7.87/3/S/2362/61105,20190318153000,0.21,2.74,7.95,7.53,7.87/65999/51384477,66768,5199,3.03,46.22,7.95,7.53,5.48,17.34,17.34,8.90,8.44,6.90,1.10,-1826,7.79,67.54,40.49
长春经开,600215,8.95,8.85,8.85,75023,36168,38846,8.95,1203,8.94,61,8.93,264,8.91,75,8.90,45,8.96,153,8.97,200,8.98,513,8.99,209,9.00,641,15:00:03/8.95/770/S/689150/62003|14:56:59/8.96/20/B/17920/61194|14:56:56/8.95/34/S/30463/61182|14:56:50/8.96/200/B/179200/61152|14:56:47/8.96/2/B/1792/61138|14:56:38/8.96/199/B/178260/61101,20190318153000,0.10,1.13,8.98,8.63,8.95/75023/65987054,75023,6599,1.61,54.75,8.98,8.63,3.95,41.62,41.62,1.66,9.74,7.97,0.54,-68,8.80,41.39,460.82
浙江医药,600216,11.24,10.91,11.03,395517,209017,186469,11.24,1325,11.23,850,11.22,1458,11.21,575,11.20,1340,11.25,3682,11.26,1182,11.27,1004,11.28,2261,11.29,4532,15:00:01/11.24/5285/S/5940340/61997|14:57:01/11.24/37/B/41556/61203|14:56:57/11.23/243/S/272889/61189|14:56:52/11.23/291/S/326904/61163|14:56:48/11.23/54/S/60642/61147|14:56:45/11.24/150/B/168599/61133,20190318153000,0.33,3.02,11.24,10.81,11.24/395517/439539285,395517,43954,4.14,17.05,11.24,10.81,3.94,107.45,108.49,1.40,12.00,9.82,1.09,-7113,11.11,15.82,42.86
中再资环,600217,5.50,5.42,5.42,58451,33581,24866,5.50,2641,5.49,537,5.48,208,5.47,150,5.46,62,5.51,1900,5.52,1268,5.53,1083,5.54,1635,5.55,885,15:00:01/5.50/1017/S/559350/61997|14:56:57/5.51/20/B/11020/61189|14:56:52/5.51/17/B/9367/61163|14:56:48/5.51/28/B/15428/61147|14:56:45/5.51/19/B/10469/61133|14:56:40/5.51/7/B/3857/61109,20190318153000,0.08,1.48,5.52,5.38,5.50/58451/31947041,58451,3195,0.44,27.69,5.52,5.38,2.58,72.54,76.38,4.04,5.96,4.88,0.48,-3173,5.47,27.61,35.10
全柴动力,600218,13.28,13.28,13.97,707776,336611,371051,13.27,4679,13.26,735,13.25,259,13.24,172,13.23,583,13.28,589,13.29,842,13.30,999,13.31,253,13.32,283,15:00:03/13.28/8051/S/10691728/62003|14:57:03/13.27/10/S/13270/61212|14:57:00/13.27/280/S/371591/61200|14:56:57/13.27/307/S/407558/61186|14:56:54/13.28/127/M/168656/61171|14:56:51/13.26/1137/S/1509256/61158,20190318153000,0.00,0.00,14.28,12.77,13.27/699725/937234467,707776,94793,19.19,157.29,14.28,12.77,11.37,48.97,48.97,2.53,14.61,11.95,0.95,3462,13.36,100.04,79.65
南山铝业,600219,2.76,2.71,2.71,1161570,694917,466651,2.76,20513,2.75,32125,2.74,16183,2.73,18302,2.72,20033,2.77,34869,2.78,29829,2.79,22209,2.80,27117,2.81,9089,15:00:01/2.76/5606/S/1547179/61997|14:57:02/2.76/300/S/82800/61207|14:56:57/2.76/24/S/6624/61188|14:56:54/2.77/42/B/11634/61176|14:56:52/2.76/541/S/149316/61163|14:56:48/2.76/69/S/19046/61147,20190318153000,0.05,1.85,2.77,2.70,2.76/1161570/318044677,1161570,31804,1.19,19.56,2.77,2.70,2.58,270.13,329.83,0.86,2.98,2.44,0.70,-15957,2.74,17.72,20.47
江苏阳光,600220,3.12,3.09,3.05,394406,170479,223926,3.11,6837,3.10,7797,3.09,4720,3.08,1775,3.07,1902,3.12,5144,3.13,6533,3.14,4097,3.15,6150,3.16,1607,15:00:05/3.12/10896/S/3399552/62012|14:56:56/3.11/20/S/6230/61182|14:56:50/3.12/4/B/1248/61152|14:56:38/3.12/18/B/5616/61101|14:56:35/3.12/10/B/3120/61085|14:56:26/3.11/811/S/252552/61046,20190318153000,0.03,0.97,3.14,3.04,3.12/394406/121641742,394406,12164,2.21,41.25,3.14,3.04,3.24,55.64,55.64,2.59,3.40,2.78,0.54,-500,3.08,45.22,45.99
海航控股,600221,2.28,2.24,2.25,1296219,667348,628871,2.28,21927,2.27,42268,2.26,34908,2.25,37647,2.24,40200,2.29,67540,2.30,64840,2.31,22793,2.32,27196,2.33,14393,15:00:03/2.28/14136/S/3223008/62009|14:57:01/2.28/178/S/40664/61203|14:56:57/2.29/83/B/18936/61186|14:56:54/2.29/534/B/121883/61171|14:56:51/2.29/18/B/4121/61158|14:56:48/2.29/390/B/89190/61144,20190318153000,0.04,1.79,2.29,2.23,2.28/1282083/290099713,1296219,29332,0.79,29.61,2.29,2.23,2.68,374.74,383.18,0.73,2.46,2.02,0.72,-19812,2.26,39.42,11.53
太龙药业,600222,4.79,4.75,4.75,69809,33348,36455,4.79,753,4.78,1743,4.77,3584,4.76,5280,4.75,5083,4.80,199,4.81,660,4.82,785,4.83,283,4.84,543,15:00:12/4.79/562/S/269198/62028|14:56:57/4.80/46/B/22080/61189|14:56:54/4.79/2/M/958/61176|14:56:52/4.78/1011/S/483743/61163|14:56:48/4.80/4/B/1920/61147|14:56:40/4.80/4/B/1920/61109,20190318153000,0.04,0.84,4.85,4.70,4.80/69247/33023898,69809,3329,1.23,344.36,4.85,4.70,3.16,27.15,27.49,1.84,5.23,4.28,0.75,13973,4.77,365.11,536.15
鲁商置业,600223,3.83,3.75,3.77,68880,35058,33820,3.82,661,3.81,1747,3.80,840,3.79,286,3.78,477,3.83,2701,3.84,990,3.85,2626,3.86,7516,3.87,375,15:00:05/3.83/2491/S/954053/62012|14:56:56/3.82/14/B/5348/61182|14:56:53/3.82/102/B/38964/61167|14:56:50/3.82/332/B/126824/61152|14:56:44/3.82/8/B/3056/61124|14:56:41/3.82/39/S/14906/61113,20190318153000,0.08,2.13,3.83,3.76,3.83/68880/26181902,68880,2618,0.69,33.25,3.83,3.76,1.87,38.34,38.34,1.58,4.13,3.38,0.64,-10197,3.80,29.44,36.39
天津松江,600225,3.83,3.69,3.64,249179,139674,109498,3.82,3078,3.81,332,3.80,1496,3.79,160,3.78,98,3.83,1709,3.85,150,3.86,360,3.87,4919,3.88,343,15:00:03/3.83/13914/S/5329062/62003|14:57:03/3.87/47/B/18144/61212|14:56:59/3.87/359/B/138578/61194|14:56:56/3.86/12/S/4636/61182|14:56:53/3.86/24/S/9269/61167|14:56:50/3.87/14/B/5418/61152,20190318153000,0.14,3.79,3.96,3.64,3.83/249179/94759178,249179,9476,2.67,-7.80,3.96,3.64,8.67,35.73,35.83,2.63,4.06,3.32,0.89,-2317,3.80,-10.21,17.93
瀚叶股份,600226,4.48,4.46,4.47,2235721,1031574,1204117,4.48,20008,4.47,4945,4.46,5151,4.45,4642,4.44,1860,4.49,3355,4.50,3138,4.51,822,4.52,1630,4.53,1377,15:00:05/4.48/24231/S/10855193/62012|14:57:02/4.48/189/B/84522/61207|14:56:57/4.48/2857/B/1279788/61188|14:56:54/4.48/420/B/187914/61176|14:56:52/4.48/652/B/291886/61163|14:56:48/4.48/949/B/425106/61147,20190318153000,0.02,0.45,4.85,4.31,4.48/2211490/1007256386,2235721,101811,11.22,55.23,4.85,4.31,12.11,89.28,140.61,3.18,4.91,4.01,0.92,26284,4.55,49.52,53.83
圣济堂,600227,4.25,4.22,4.21,413761,201129,212626,4.25,1083,4.24,4172,4.23,3372,4.22,1780,4.21,3079,4.26,4448,4.27,2811,4.28,3878,4.29,4254,4.30,4355,15:00:01/4.25/7641/S/3247425/61997|14:57:01/4.25/10/B/4250/61203|14:56:57/4.25/161/B/68363/61189|14:56:54/4.25/145/B/61595/61176|14:56:52/4.24/554/S/234972/61163|14:56:48/4.25/104/B/44200/61147,20190318153000,0.03,0.71,4.29,4.11,4.25/413761/173733690,413761,17373,3.32,28.48,4.29,4.11,4.27,52.93,71.96,1.52,4.64,3.80,0.51,-6260,4.20,28.47,188.09
ST昌九,600228,7.99,7.69,7.68,23783,13442,10341,7.98,161,7.97,103,7.96,247,7.95,42,7.92,10,7.99,284,8.00,10,8.01,120,8.02,57,8.04,110,15:00:03/7.99/259/S/206941/62009|14:56:57/8.01/65/S/52173/61186|14:56:54/8.03/234/B/187791/61171|14:56:42/8.02/8/B/6416/61118|14:56:30/8.02/1/B/802/61062|14:56:06/8.01/70/B/56070/60958,20190318153000,0.30,3.90,8.06,7.60,8.01/23524/18593768,23783,1880,0.99,35.27,8.06,7.60,5.98,19.28,19.28,31.51,8.07,7.31,0.91,-18,7.91,176.93,73.79
城市传媒,600229,9.00,8.99,8.88,83968,38308,45655,8.99,69,8.98,501,8.97,351,8.96,366,8.95,131,9.00,151,9.01,475,9.02,355,9.03,174,9.04,181,15:00:03/9.00/1301/S/1170900/62009|14:57:01/8.99/204/S/183273/61203|14:56:54/8.99/23/S/20677/61171|14:56:44/9.00/170/B/152820/61129|14:56:39/8.99/50/M/44950/61105|14:56:36/8.98/90/S/80821/61089,20190318153000,0.01,0.11,9.02,8.76,9.00/83968/74653352,83968,7465,1.20,18.63,9.02,8.76,2.89,63.19,63.19,2.63,9.89,8.09,0.50,82,8.89,24.72,19.19
沧州大化,600230,21.49,20.34,20.38,289707,158837,130824,21.49,551,21.48,2469,21.47,756,21.46,262,21.45,421,21.50,1038,21.51,168,21.52,155,21.53,284,21.54,77,15:00:05/21.49/2721/S/5847408/62012|14:57:04/21.49/10/B/21490/61215|14:56:59/21.48/23/S/49404/61194|14:56:56/21.48/120/S/257687/61182|14:56:53/21.49/337/B/723872/61167|14:56:50/21.48/107/B/229836/61152,20190318153000,1.15,5.65,21.63,20.18,21.49/289707/611669575,289707,61167,7.03,6.57,21.63,20.18,7.13,88.51,88.51,2.44,22.37,18.31,1.81,2737,21.12,6.45,6.90
凌钢股份,600231,3.51,3.37,3.37,595507,364431,231073,3.51,5175,3.50,5815,3.49,4838,3.48,4018,3.47,3666,3.52,13195,3.53,8365,3.54,17592,3.55,25171,3.56,5417,15:00:12/3.51/5958/S/2091293/62028|14:56:57/3.51/134/S/47042/61189|14:56:54/3.51/30/S/10530/61176|14:56:52/3.51/3/S/1053/61163|14:56:48/3.51/66/S/23169/61147|14:56:45/3.51/13/S/4563/61133,20190318153000,0.14,4.15,3.55,3.36,3.51/589549/204105733,595507,20620,2.15,8.12,3.55,3.36,5.64,97.27,97.27,1.31,3.71,3.03,1.85,-46228,3.46,8.12,8.12
金鹰股份,600232,6.05,6.17,6.50,157704,66439,91245,6.05,464,6.04,272,6.03,522,6.02,606,6.01,204,6.06,327,6.07,415,6.08,281,6.09,490,6.10,230,15:00:05/6.05/1971/S/1192455/62012|14:56:56/6.07/80/B/48520/61182|14:56:53/6.07/20/B/12140/61167|14:56:47/6.07/219/B/132874/61138|14:56:44/6.06/10/S/6060/61124|14:56:41/6.07/52/B/31564/61113,20190318153000,-0.12,-1.94,6.50,5.95,6.05/157704/96433045,157704,9643,4.32,70.03,6.50,5.95,8.91,22.07,22.07,1.91,6.79,5.55,2.17,325,6.11,64.80,87.38
圆通速递,600233,13.05,12.79,12.81,57565,29596,27933,13.04,211,13.03,197,13.02,224,13.01,217,13.00,783,13.05,54,13.06,138,13.07,160,13.08,781,13.09,49,15:00:03/13.05/598/S/780390/62003|14:56:56/13.06/31/B/40479/61182|14:56:53/13.06/7/B/9138/61167|14:56:50/13.06/9/B/11754/61152|14:56:44/13.05/30/S/39166/61124|14:56:41/13.05/82/S/106559/61113,20190318153000,0.26,2.03,13.08,12.74,13.05/57565/74431959,57565,7443,0.73,22.52,13.08,12.74,2.66,102.23,369.11,3.59,14.07,11.51,0.47,450,12.94,22.07,25.59
ST山水,600234,7.35,7.31,7.35,8993,3245,5748,7.35,515,7.34,95,7.33,170,7.32,214,7.31,249,7.36,41,7.37,109,7.38,125,7.39,113,7.40,28,15:00:03/7.35/115/S/84525/62003|14:56:48/7.36/10/B/7360/61144|14:56:21/7.33/50/S/36700/61027|14:55:21/7.35/5/B/3675/60748|14:54:42/7.32/5/S/3660/60554|14:54:33/7.35/27/B/19845/60508,20190318153000,0.04,0.55,7.38,7.27,7.36/8878/6492798,8993,658,0.44,-83.62,7.38,7.27,1.50,14.88,14.88,21.58,7.68,6.94,1.12,827,7.31,-416.99,-58.39
民丰特纸,600235,7.59,7.77,7.79,418696,184744,233907,7.58,2227,7.57,1370,7.56,816,7.55,564,7.54,1624,7.59,633,7.60,2964,7.61,333,7.62,290,7.63,1012,15:00:01/7.59/4191/S/3180969/61997|14:57:01/7.59/94/B/71259/61203|14:56:57/7.58/42/S/31856/61189|14:56:54/7.58/116/S/87928/61176|14:56:52/7.58/25/M/18946/61163|14:56:48/7.57/186/S/140985/61147,20190318153000,-0.18,-2.32,7.92,7.00,7.59/418696/310526224,418696,31053,11.92,120.13,7.92,7.00,11.84,26.66,26.66,2.06,8.55,6.99,0.76,1369,7.41,105.81,138.82
桂冠电力,600236,5.81,5.70,5.70,85915,59313,26596,5.80,1618,5.79,918,5.78,201,5.77,308,5.76,588,5.81,1746,5.82,2695,5.83,1650,5.84,1407,5.85,2444,15:00:05/5.81/542/S/314902/62012|14:56:50/5.81/26/B/15106/61152|14:56:44/5.81/489/B/284109/61124|14:56:41/5.81/33/B/19173/61113|14:56:38/5.81/20/B/11620/61101|14:56:35/5.81/65/S/38328/61085,20190318153000,0.11,1.93,5.82,5.68,5.81/85915/49605267,85915,4961,0.14,13.08,5.82,5.68,2.46,352.28,352.28,2.57,6.27,5.13,0.70,-6309,5.78,13.13,14.03
铜峰电子,600237,4.50,4.40,4.41,119177,58015,61156,4.50,729,4.49,2139,4.48,6153,4.47,271,4.46,320,4.51,1598,4.52,1121,4.53,1671,4.54,1146,4.55,3941,15:00:05/4.50/2276/S/1024200/62012|14:56:56/4.49/13/S/5837/61182|14:56:44/4.49/5/S/2245/61124|14:56:32/4.50/4/B/1800/61071|14:56:18/4.49/5/B/2245/61023|14:56:14/4.49/7/B/3143/60998,20190318153000,0.10,2.27,4.51,4.35,4.50/119177/53029452,119177,5303,2.11,262.95,4.51,4.35,3.64,25.40,25.40,2.05,4.84,3.96,0.42,135,4.45,444.52,180.87
*ST椰岛,600238,9.89,9.95,9.85,46227,11966,34255,9.86,202,9.85,327,9.84,581,9.83,130,9.82,220,9.89,266,9.90,248,9.91,287,9.92,95,9.93,281,15:00:12/9.89/361/S/357029/62028|14:56:57/9.89/1/S/989/61189|14:56:45/9.89/93/B/91914/61133|14:56:33/9.88/2/B/1976/61081|14:56:07/9.88/7/S/6916/60963|14:56:00/9.88/120/S/118560/60934,20190318153000,-0.06,-0.60,10.03,9.61,9.89/46227/45487493,46227,4549,1.04,-16.27,10.03,9.61,4.22,44.01,44.33,7.45,10.45,9.45,0.95,283,9.84,-20.41,-41.76
云南城投,600239,3.78,3.65,3.66,200267,108007,92253,3.77,1616,3.76,5298,3.75,1484,3.74,713,3.73,1400,3.78,2261,3.79,5025,3.80,7052,3.81,2243,3.82,1424,15:00:03/3.78/3640/S/1375920/62003|14:57:03/3.78/11/B/4158/61212|14:57:00/3.78/18/B/6804/61200|14:56:57/3.78/21/B/7938/61186|14:56:54/3.78/323/B/121791/61171|14:56:51/3.78/126/B/47628/61158,20190318153000,0.13,3.56,3.79,3.66,3.78/200267/74717622,200267,7472,1.25,7.00,3.79,3.66,3.56,60.69,60.69,1.24,4.02,3.29,0.80,-7494,3.73,20.01,22.99
华业资本,600240,3.46,3.32,3.32,931569,541146,390409,3.46,3582,3.45,2937,3.44,1804,3.43,6102,3.42,3012,3.47,7606,3.48,9652,3.49,10486,3.50,15981,3.51,1786,15:00:03/3.46/13056/S/4517376/62003|14:57:03/3.47/43/B/14921/61212|14:56:59/3.47/37/B/12803/61194|14:56:56/3.47/726/B/251902/61182|14:56:53/3.47/159/B/55043/61167|14:56:50/3.46/658/S/228178/61152,20190318153000,0.14,4.22,3.50,3.22,3.46/931569/314987192,931569,31499,6.54,-110.89,3.50,3.22,8.43,49.28,49.28,0.76,3.65,2.99,1.05,-28074,3.38,-27.27,4.94
